3492 6884
494 1814 601 1867 um.
812 1799 975 1865 cln1s.

495 1962 525 2021 Ο
537 1980 592 2040 ego
601 1961 739 2020 crudelia!
760 1962 877 2020 flamma
890 1962 1005 2020 delubra
1017 1960 1121 2038 petivi:

495 2066 539 2123 Te
551 2082 618 2123 vero
630 2064 743 2135 vielore,
763 2063 840 2139 prius
853 2064 900 2121 vel
914 2064 1001 2122 fidera
1013 2064 1119 2121 cursus·

496 2164 730 2236 Mantuanos,
750 2183 838 2241 quam
851 2174 880 2223 te
892 2165 966 2223 mihi
980 2165 1046 2223 talia
1059 2174 1151 2241 captae

495 2268 650 2327 Fabiumm
663 2267 761 2325 metui.
803 2269 869 2345 Jam
877 2266 939 2343 jam
952 2266 1040 2325 scelus
1053 2266 1150 2324 omnia
1160 2264 1259 2324 vincit.

496 2372 578 2429 Tene
588 2388 644 2447 ego
655 2371 720 2446 plua
730 2370 825 2446 patrio
836 2369 924 2427 dilexi
937 2368 1047 2446 perdita
1059 2371 1164 2446 regno?

496 2474 577 2531 Tene
589 2475 660 2548 ego?
681 2491 734 2529 nec
746 2472 861 2543 mirum,
881 2472 963 2530 vultu
976 2472 1093 2548 decepta
1111 2470 1214 2547 puella,

497 2575 542 2632 Ut
553 2574 621 2643 vidi,
640 2583 674 2632 ut
684 2574 769 2650 perii!
792 2583 825 2632 ut
838 2593 885 2632 me
898 2574 989 2632 malus
1001 2573 1115 2632 abstulit
1126 2573 1218 2631 error!

499 2676 568 2734 Nou
581 2677 714 2753 equidem
727 2694 763 2734 ex
775 2676 826 2734 isto
838 2676 946 2753 speravi
958 2695 1073 2753 empore
1085 2676 1162 2753 posse

391 2808 396 2818 ·
497 2779 569 2837 Tale
582 2780 691 2837 malum
704 2778 794 2836 nasci:
816 2779 917 2847 sormi,
936 2779 981 2837 vel
993 2779 1091 2848 fidere,
1110 2778 1203 2837 fallor.

449 2877 454 2886 '
499 2880 569 2939 Non
581 2899 629 2938 me
641 2880 749 2939 deliciis
761 2881 908 2938 conmovit
920 2881 1007 2957 regia,
1026 2881 1104 2939 divea

499 2981 617 3041 Coralio
628 2982 734 3059 fragili,
753 2991 839 3058 atque
851 2983 956 3040 elearo
968 2982 1128 3041 lamimoso:

369 3151 372 3156 ,
500 3084 570 3142 Non
584 3102 631 3142 me
643 3084 775 3142 florentes
787 3084 891 3161 aequali
903 3103 1020 3160 corpore
1032 3084 1190 3161 Nymphae3

500 3187 571 3245 Non
582 3195 675 3252 metus
686 3184 830 3244 incensam
841 3185 936 3264 potuit
948 3185 1069 3243 retinere
1082 3187 1208 3244 deorum.

500 3288 608 3347 Omnia
620 3286 712 3345 vineit
729 3305 825 3345 amor:
846 3282 917 3363 quid
929 3286 1007 3345 enim
1021 3306 1079 3345 non
1091 3287 1216 3345 vinceret
1228 3285 1294 3344 illel

502 3391 572 3449 Non
585 3389 658 3447 mihi
667 3388 728 3466 jam
741 3388 845 3466 pingui
857 3388 998 3446 sudabunt
1012 3398 1139 3465 tempora
1152 3377 1284 3465 myrrha}

502 3495 631 3552 Pronuba
644 3512 697 3550 nec
708 3493 794 3549 callos
807 3491 946 3549 adcendet
957 3491 1041 3567 pinus
1052 3491 1160 3559 odmen

501 3598 566 3656 Nec
579 3597 667 3673 Libys
680 3595 794 3672 Assyrio
806 3594 944 3652 sternetur
955 3593 1075 3651 leuulm
1086 3593 1173 3651 ostro:

501 3701 610 3777 Magna
634 3716 750 3774 quemn
783 3706 899 3767 necet,
927 3696 977 3753 illa
999 3695 1116 3771 quidem
1138 3693 1297 3752 communia

579 3800 695 3858 alumna

501 3902 655 3971 Omnibus,
675 3899 778 3978 injeua
791 3900 875 3958 tellus
888 3898 1043 3957 tumulabit
1054 3898 1150 3956 arena.

503 4006 592 4064 Mene
604 4004 679 4062 iuter
692 4003 818 4072 comites,
838 4001 1063 4075 ancillarumque
1074 4008 1199 4057 catervas

503 4109 593 4166 Mene
606 4107 674 4165 alian
686 4106 770 4177 inter,
791 4104 963 4163 famularum
974 4120 1094 4161 munere
1107 4101 1201 4178 fungi,

504 4208 643 4286 conjugia
655 4216 741 4283 atque
754 4218 821 4277 tuae,
840 4223 1027 4283 quaecumque
1038 4204 1095 4262 erit
1105 4202 1165 4273 illa,
1178 4205 1269 4263 beato

505 4313 573 4371 Non
587 4310 669 4368 licuit
683 4309 812 4387 gravidos
825 4308 911 4385 penso
922 4308 1071 4365 devolvere
1083 4305 1175 4364 susos?

505 4416 548 4471 At
560 4412 628 4471 belli
641 4412 739 4469 saltem
753 4410 895 4487 captivam
907 4409 971 4485 lege
983 4407 1114 4466 necasset.

505 4517 570 4593 Jam
583 4513 659 4572 seffoe
671 4513 788 4594 tandem
800 4511 918 4588 fugiunt
930 4511 966 4569 de
978 4528 1095 4587 corpore
1106 4508 1188 4575 vireu,

507 4619 544 4675 Et
557 4623 643 4691 caput
654 4614 760 4672 inflexl
772 4613 884 4670 lentum
897 4610 1006 4669 nervice
1018 4609 1160 4669 recumbit

506 4716 682 4788 Marmorel3
697 4714 880 4790 adducliaque
893 4711 1039 4771 labascunt
1051 4709 1167 4770 brachia
1180 4709 1272 4772 nodis.
