3492 6884
555 1756 662 1824 r.37s.
723 1800 724 1804 ,
855 1752 1053 1812 CULEX.
1298 1761 1348 1811 tat

556 1906 610 1964 Sed
623 1906 819 1966 tolerabilibus
831 1907 908 1966 curis
920 1908 982 1965 haec
994 1909 1136 1966 inmemor
1148 1907 1243 1967 audis:

557 2010 634 2068 Quae
647 2022 744 2069 tamen
756 2022 790 2068 ut
802 2012 883 2069 vanis
895 2011 1043 2069 dimittens
1056 2012 1152 2069 omnia
1165 2011 1267 2081 ventis,

555 2112 720 2191 Digredior,
741 2132 889 2190 nunquam
903 2114 1044 2171 rediturus
1049 2139 1058 2184 3
1079 2124 1112 2171 tu
1124 2114 1186 2171 cole
1199 2115 1295 2183 fontis,

556 2213 594 2274 Et
606 2217 705 2275 viridis
717 2235 868 2275 nemomm
882 2217 973 2285 silvas,
994 2227 1024 2273 et
1035 2216 1148 2293 pascua,
1167 2218 1264 2275 laetus:

557 2319 594 2376 Et
607 2338 672 2378 mea
683 2320 800 2378 diffusas
813 2321 960 2397 rapiantur
972 2321 1047 2379 dida
1061 2339 1112 2397 per
1123 2338 1214 2378 auras.

555 2421 656 2493 Dixit,
676 2434 707 2481 et
719 2426 848 2482 extrema
863 2424 947 2481 tristis
960 2444 1028 2482 cum
1040 2442 1109 2480 voce
1122 2424 1240 2481 receslit.

595 2526 686 2584 Hunc
697 2528 749 2585 ubi
763 2528 917 2585 sollicitum
932 2528 1039 2585 dimifit
1052 2528 1153 2585 inertia
1166 2528 1242 2594 vitoe,

556 2627 681 2687 Interius
693 2630 821 2706 graditur
833 2640 962 2688 mentem
974 2649 1058 2707 aeger,
1078 2650 1131 2688 noc
1144 2630 1211 2688 tulit
1223 2630 1307 2700 ultra,

556 2731 688 2790 Sensibus
700 2732 836 2801 infusum,
855 2733 965 2790 Culicis
977 2734 1013 2791 de
1026 2744 1118 2791 morte
1130 2735 1265 2792 dolorem.

557 2836 833 2911 Quantumcumque
847 2833 899 2892 srbi
912 2836 986 2893 vires
999 2836 1124 2893 tribuere
1137 2836 1245 2904 seniles,

557 2939 633 2996 Quis
647 2948 743 2996 tamen
756 2938 891 2996 infestum
904 2957 1034 3015 pugnans
1047 2939 1189 2997 devicerat
1202 2939 1319 3007 hostem,

556 3041 664 3099 Risum
676 3052 790 3118 pmpter
802 3060 893 3117 aquae,
906 3041 991 3098 viridi
1005 3041 1056 3099 snb
1069 3042 1169 3099 fronde
1182 3041 1319 3099 latentem

556 3144 744 3203 Consormare
753 3144 848 3202 locum
857 3144 936 3220 capit
946 3144 1072 3222 inpiger:
1087 3146 1165 3202 hunc
1174 3155 1204 3202 et
1214 3147 1244 3202 in
1254 3146 1352 3202 orbem

556 3246 697 3315 Destinat,
717 3266 750 3305 ac
763 3247 830 3306 ferri
844 3247 980 3323 capulum
994 3247 1124 3323 repetivit
1137 3248 1168 3303 in
1181 3247 1273 3317 usum,

556 3350 741 3407 Gramineam
756 3360 789 3407 ut
800 3350 886 3408 viridi
900 3350 1010 3407 foderet
1022 3351 1056 3407 de
1069 3345 1174 3426 cespite
1188 3360 1304 3408 terram.

555 3453 623 3530 Jam
633 3471 743 3510 memor
753 3452 906 3530 inceptum
912 3471 1049 3531 peragens
1061 3451 1111 3508 fibi
1125 3471 1192 3510 cura
1206 3452 1333 3511 laborem

557 3556 732 3632 congestum
744 3556 904 3614 cumulavit
917 3575 996 3631 opus,
1009 3567 1094 3631 atque
1107 3574 1211 3631 aggere
1220 3555 1315 3612 multo

555 3658 681 3717 Telluris
694 3659 823 3716 tumulus
834 3659 988 3716 formatum
1002 3659 1090 3716 crevit
1102 3657 1133 3714 in
1147 3660 1261 3715 orbemz

558 3763 657 3820 Quem
670 3763 781 3820 circum
793 3762 928 3838 lapidem,
941 3762 1008 3820 taevi
1021 3762 1057 3819 de
1067 3779 1206 3819 marmore
1219 3761 1353 3836 formans,

557 3864 698 3933 Conserit,
719 3864 832 3923 assiduae
845 3883 921 3921 curae
935 3884 1053 3923 memor.
1092 3865 1150 3922 Hic
1163 3874 1193 3923 et
1206 3865 1353 3934 acanthus,

557 3968 595 4025 Et
608 3969 667 4025 rosa
680 3987 822 4045 purpureo
834 3967 933 4025 crescit
946 3969 1104 4027 rubicunda
1117 3969 1220 4038 colore,

558 4072 595 4128 Et
610 4071 693 4128 violae
707 4090 795 4147 genus
808 4090 894 4128 omne
907 4072 954 4130 hic
967 4074 1014 4138 est,
1035 4084 1064 4131 et
1078 4074 1201 4149 Spartica
1215 4081 1334 4149 myrtus,

557 4176 657 4250 Atque
664 4174 845 4250 Hyacinthus
851 4200 859 4246 3
872 4185 902 4231 et
913 4176 961 4234 hic
969 4177 1054 4233 Cilici
1062 4195 1161 4234 crocus
1171 4177 1266 4234 editus
1275 4193 1354 4244 arvo,

557 4278 668 4335 Lauros
678 4276 750 4334 item
758 4277 858 4335 Phoebi
872 4279 987 4355 surgens
998 4281 1096 4350 decus,
1116 4280 1164 4338 hic
1175 4279 1354 4356 rhododaph-

634 4377 683 4447 ue,

558 4483 699 4558 Liliaque,
720 4495 749 4540 et
763 4484 831 4541 roris
845 4503 902 4541 non
916 4485 979 4542 avia
992 4504 1058 4543 cura
1071 4486 1185 4555 marini,

556 4587 712 4662 Herbaque
724 4587 795 4643 turis
807 4606 875 4663 opes
887 4586 986 4663 priscis
999 4588 1110 4646 imitata
1124 4587 1237 4655 Sabina,

556 4689 820 4767 Clrrysanthnsque,
828 4690 977 4765 ederaeque
986 4691 1069 4758 nitor,
1078 4690 1202 4767 pallente
1208 4693 1354 4768 oorymbo,
