3492 6884
613 2221 645 2281 r.
672 2218 894 2279 vinorum
924 2215 1155 2277 Mauouls

746 2394 829 2476 CI
857 2394 894 2474 R
921 2395 941 2474 Ι
970 2394 1009 2473 S.

650 2677 1099 2724 e*-

479 2937 564 3021 Ean
579 2981 635 3034 me,
654 2964 733 3022 vario
741 2960 881 3039 jadiatum
892 2961 983 3020 laudis
996 2978 1101 3025 amore,

479 3064 626 3142 Inritaque
637 3076 788 3143 expertum
800 3067 910 3125 fallacis
922 3053 1038 3143 praenria
1051 3061 1142 3138 vulgi,
1256 3113 1260 3121 .

478 3167 633 3244 Cecropius
646 3167 737 3227 suavis
748 3169 893 3246 exspirans
904 3169 1034 3226 hortulus
1046 3184 1128 3224 auras

476 3268 616 3327 Florentis
628 3269 713 3328 viridi
727 3272 838 3348 Sophiae
851 3269 1040 3348 conpleffitur
1050 3264 1165 3335 sunbrd3

476 3371 560 3429 Num
572 3391 636 3430 mea
648 3383 756 3449 quaeret
766 3393 800 3430 eo
811 3374 932 3449 dignum
943 3371 995 3430 fibi
1005 3387 1130 3446 quaerere
1140 3365 1271 3424 carmen?

476 3474 576 3551 Longe
589 3474 667 3533 aliud
681 3475 814 3543 studium,
828 3485 916 3550 atque
929 3474 998 3532 alios
1004 3471 1139 3530 -adcindia
1151 3470 1271 3539 labores,

438 3603 447 3622 ·
473 3575 573 3634 Altius
586 3578 622 3635 ad
634 3577 734 3654 magni
747 3577 893 3636 subteudit
905 3576 992 3634 fidera
1004 3573 1114 3642 mundi,

474 3679 512 3736 Et
524 3677 662 3755 placitum
674 3680 771 3756 paucis
784 3679 850 3737 ausa
862 3678 903 3736 est
916 3677 1085 3736 adscendere
1096 3672 1215 3732 collem:

473 3780 543 3838 Non
557 3790 653 3839 tamen
667 3781 795 3839 absrstam
807 3791 935 3858 coeptum
947 3781 1079 3838 detexere
1090 3796 1207 3835 munus:

473 3882 509 3939 In
520 3901 577 3958 quo
586 3881 651 3980 jure
663 3901 739 3940 meas
752 3882 865 3941 utinam
878 3881 1050 3959 requiescere
1062 3880 1170 3949 Musas,

472 3985 511 4042 Et
523 3984 623 4042 leviter
635 3984 773 4043 blandum
786 3985 871 4044 liceat
884 3987 1025 4062 deponere
1037 4001 1158 4041 morem.

472 4088 561 4145 Quod
574 4087 595 4144 fi
608 4087 763 4145 mirificum
774 4088 901 4165 proferre
913 4089 1009 4146 valent
1022 4106 1112 4164 genus
1124 4104 1222 4145 omnes

470 4189 630 4248 Mirificum
643 4190 727 4258 saecli,
747 4192 832 4249 modo
845 4191 880 4249 fit
892 4191 946 4249 tibi
959 4192 1031 4249 velle
1043 4190 1133 4248 libido
1137 4216 1148 4263 5

469 4292 499 4351 Si
511 4292 627 4370 mejam
640 4294 750 4353 summ&
763 4294 907 4372 Sapientia
919 4305 1037 4372 poneret
1049 4314 1123 4366 arce,

470 4397 602 4455 Quatuor
614 4395 740 4472 antiquis
752 4415 817 4472 quae
835 4397 987 4455 heredibus
1004 4398 1043 4453 est
1055 4399 1122 4455 data
1134 4395 1262 4454 consors:

467 4498 554 4556 Unde
567 4498 716 4556 hominum
730 4517 836 4557 errores
849 4500 936 4577 longe
947 4499 1062 4574 lateque
1073 4517 1124 4574 per
1136 4500 1237 4556 orbem
1329 4495 1334 4505 '

466 4599 626 4676 Despicere,
637 4612 724 4675 atque
733 4600 849 4659 humilis
859 4600 966 4677 possem
975 4610 1157 4657 contemnere
1165 4617 1259 4658 curas:

465 4699 536 4759 Nou
548 4720 603 4780 ego
616 4712 645 4763 te
657 4702 745 4761 talen
757 4683 1035 4770 venerarer'munere
1048 4700 1114 4774 tali3

324 5209 960 5697 βι
