3492 6884
509 1786 551 1861 ρο
744 1781 1075 1855 caoaorcon,
1196 1794 1306 1848 vara

509 1941 638 2002 Pascitur
650 1940 731 2019 itque
743 1961 829 2020 pecus
841 1942 928 2019 longa
941 1941 972 1999 in
985 1942 1104 2011 deserta,
1124 1942 1183 2000 sine
1194 1943 1261 2001 ullis

509 2045 662 2122 Hospitiis:
685 2056 800 2104 tantum
812 2046 906 2122 campi
915 2045 1003 2122 jacet!
1025 2045 1133 2103 Omnia
1146 2046 1241 2105 secum

509 2149 710 2209 Armentarius
722 2149 797 2208 Afer
809 2149 881 2232 agit,
900 2150 1076 2226 testumque,
1097 2151 1266 2227 Laremque,

508 2254 666 2331 Annaque,
703 2254 944 2330 Amyclaeumque
975 2271 1086 2324 canem,
1123 2253 1306 2331 Cressamque

586 2357 759 2434 pharetram.

509 2460 579 2519 Non
592 2460 670 2519 secus
683 2480 716 2518 ac
728 2459 826 2537 patriis
839 2479 903 2518 acer
916 2460 1061 2517 Romanus
1073 2458 1105 2517 in
1118 2461 1202 2518 armis

508 2563 616 2641 Injusso
629 2564 681 2621 sub
695 2563 771 2622 fasce
782 2545 859 2622 uiam
870 2582 963 2639 quum
975 2562 1076 2640 carpit,
1095 2572 1125 2621 et
1138 2564 1211 2622 hosti

508 2670 588 2727 Ante
600 2666 793 2742 exspectatum
806 2667 904 2742 posrtis
917 2667 968 2724 stat
988 2667 1020 2724 in
1033 2668 1149 2744 agmine
1161 2668 1264 2727 castris.

475 2777 480 2790 “
547 2772 590 2828 At
603 2789 670 2838 non,
690 2769 748 2846 qui
761 2768 885 2846 Scythiae
900 2781 1010 2847 gentes,
1030 2771 1206 2847 Maeotiaque
1218 2772 1306 2841 unda,

507 2874 654 2933 Turbidus
666 2883 695 2931 et
709 2883 843 2949 torquens
856 2873 987 2931 flaventis
1001 2874 1098 2932 Hister
1109 2893 1214 2943 arenas,

509 2977 634 3053 Quaque
641 2977 716 3035 redit
725 2977 853 3034 medium
862 2977 1001 3053 Rhodope
1011 2978 1137 3054 porredia
1144 2977 1196 3036 sub
1205 2998 1288 3037 axem
1296 2995 1308 3037 ε·

506 3080 573 3139 Illic
585 3080 679 3139 clausa
691 3089 792 3138 tenent
804 3080 919 3138 stabulis
932 3090 1059 3139 armenta
1063 3106 1073 3152 3
1094 3100 1188 3157 neque
1199 3082 1266 3139 ulta

506 3185 571 3243 Aut
588 3184 684 3242 herbae
696 3183 799 3259 canipa
811 3184 959 3260 adparent,
980 3193 1030 3241 aut
1043 3186 1142 3242 arbore
1155 3185 1283 3244 frondes:

507 3288 562 3346 Sed
570 3287 648 3366 jacet
661 3286 813 3366 aggeribus
825 3287 919 3345 niveis
931 3286 1062 3345 informis
1074 3297 1104 3345 et
1117 3288 1176 3347 alto

505 3392 594 3451 Terra
608 3391 677 3469 gelu
688 3392 754 3461 late,
775 3391 942 3468 septemque
956 3392 1085 3469 adsurgit
1097 3392 1131 3450 iu
1142 3392 1238 3451 ulnas:

506 3496 624 3574 Semper
636 3495 737 3565 hiems,
757 3495 868 3571 semper
882 3494 1018 3571 spirantes
1031 3495 1138 3571 frigora
1151 3495 1248 3554 Cauri.

504 3600 583 3659 Tum
597 3600 644 3658 Sol
657 3600 789 3676 pallentis
801 3599 880 3657 haud
893 3617 1030 3675 umquam
1043 3597 1160 3656 discutit
1173 3601 1306 3670 umbram·

505 3702 571 3762 Nec
583 3723 676 3780 quum
688 3703 815 3761 invedtus
828 3702 910 3779 equis
922 3703 1013 3761 altum
1028 3701 1103 3779 petit
1115 3702 1229 3772 aethera,
1250 3721 1304 3762 nec

584 3826 675 3883 quum

504 3910 684 3987 Praecipitem
696 3909 806 3968 Oceani
819 3912 905 3967 rubro
917 3910 988 3967 lavit
1000 3928 1114 3986 aequore
1126 3929 1252 3968 currum.

505 4012 702 4071 Concrescunt
715 4012 816 4071 subitae
828 4013 956 4071 currenti
968 4014 999 4070 in
1013 4014 1133 4071 flumine
1146 4014 1253 4084 mutae,

504 4117 650 4191 Undaque
659 4114 719 4192 jam
734 4124 815 4193 tergo
829 4117 948 4174 serratos
960 4116 1078 4174 sustinet
1091 4117 1175 4185 orbis,

504 4218 649 4295 Puppibus
662 4218 712 4275 illa
723 4219 800 4294 prius
813 4219 929 4296 patulis,
943 4239 1021 4278 nunc
1034 4219 1144 4298 hospita
1156 4219 1301 4297 plaustrisa
1371 4202 1376 4213 ’

503 4306 634 4395 AEraque
646 4319 786 4378 diffinum
799 4321 893 4397 volgo,
913 4322 1057 4398 vestesque
1070 4322 1216 4399 rigescunt

503 4424 626 4494 Indutae,
647 4423 819 4500 caeduntque
831 4424 976 4482 securibus
989 4425 1109 4484 humida
1123 4428 1199 4498 vina,

503 4527 542 4586 Et
555 4535 622 4584 totae
633 4526 751 4584 solidam
765 4526 796 4584 in
810 4527 931 4604 glaciem
944 4539 1053 4586 vertere
1065 4528 1186 4601 lacunae,

503 4629 648 4707 stiriaque
659 4628 772 4706 inpexis
784 4628 915 4687 induruit
928 4630 1042 4688 horrida
1055 4630 1158 4691 barbis.

503 4732 617 4791 Interea
630 4741 691 4792 toto
705 4750 763 4791 nou
776 4730 866 4791 secius
879 4734 944 4792 aiire
957 4731 1095 4811 ninguitz·
1218 4807 1223 4816 ι
