3492 6884
475 1791 585 1852 caso.
794 1793 892 1851 LIB.
932 1793 957 1850 Ι.
1214 1799 1272 1849 20³

513 1949 650 2025 Namque
662 1947 791 2019 videbat,
805 1949 849 2007 uti
863 1949 1001 2008 bellantes
1014 1949 1150 2025 Pergama
1163 1945 1272 2005 circum

475 2053 539 2110 Hac
553 2052 687 2129 fugerent
699 2051 790 2121 Graii,
810 2062 951 2127 premeret
963 2049 1086 2127 Troiana
1099 2048 1250 2126 juventus:

474 2155 538 2211 Hac
551 2153 691 2231 Phrygem
713 2154 829 2212 instaret
841 2173 928 2212 curru
940 2153 1067 2210 cristatus
1080 2152 1220 2210 Achilles.

474 2256 539 2315 Noc
551 2256 650 2333 procul
663 2255 732 2314 hinc
745 2257 829 2315 Rhesr
844 2255 934 2313 niveis
949 2255 1071 2313 tentoria
1084 2254 1154 2312 velis

474 2357 614 2435 Agnoscit
627 2358 795 2429 lacrimans3
816 2360 909 2435 primo
922 2378 986 2435 quae
998 2357 1111 2436 prodita
1124 2356 1224 2415 somno

472 2460 598 2537 Tydides
612 2461 703 2519 multa
716 2461 841 2520 vastabat
853 2462 930 2519 mdc
943 2473 1096 2531 cruentus;

473 2563 667 2639 Ardentisque
680 2563 783 2622 avertit
795 2583 884 2640 equos
896 2564 927 2621 in
940 2564 1037 2632 calba,
1056 2562 1134 2640 prius
1147 2581 1235 2639 quam

473 2666 579 2724 Pabula
592 2666 745 2742 gustassent
756 2665 859 2742 Trojae,
880 2665 1087 2741 Xanthumque
1100 2664 1250 2723 bibissent.-

472 2769 555 2825 Parte
568 2768 624 2825 alia
637 2767 751 2844 fugiens
764 2768 867 2826 amissis
879 2768 994 2826 Troilus
1006 2767 1102 2838 ermis,

472 2870 580 2929 Infelix
592 2889 671 2947 puer,
691 2880 777 2947 atque
790 2871 872 2946 inpar
884 2870 1046 2946 congressus
1055 2869 1176 2939 Achilli,

472 2974 573 3031 Fertur
585 2973 675 3050 equis,
695 2992 837 3048 curruque
850 2975 940 3031 baeret
952 2973 1100 3050 resupinus
1113 2973 1201 3043 inani,

472 3076 546 3136 lora
559 3085 659 3132 tenens
672 3085 783 3132 tamem
799 3075 868 3132 huic
881 3075 1043 3151 cervixque,
1057 3094 1204 3151 comasque
1214 3083 1273 3134 tra·

550 3177 660 3234 buntur

471 3281 523 3337 Per
537 3288 651 3345 terram,
670 3286 702 3335 et
713 3277 793 3336 versit
806 3278 900 3355 pulvis
913 3278 1080 3338 inscribitur
1092 3280 1179 3337 basil.

470 3383 594 3451 Interea,
615 3381 652 3440 ad
665 3382 805 3458 templum
820 3400 878 3438 non
891 3400 980 3456 aequae
994 3383 1112 3440 Palladis
1126 3382 1208 3440 ibant

469 3483 607 3541 Crinibus
620 3483 723 3541 Iliades
735 3483 825 3559 pallis,
845 3484 1020 3560 peplumque
1033 3469 1174 3554 serebant,

470 3588 643 3665 Suppliciter
657 3586 755 3657 tristes,
776 3597 806 3644 et
819 3586 909 3644 tunsae
922 3587 1033 3663 pestora
1046 3587 1164 3665 palmis:

469 3691 546 3750 Diva
560 3690 619 3748 solo
632 3690 704 3747 fixos
716 3689 812 3747 oculos
824 3689 921 3747 aversa
934 3691 1059 3748 tenebat.

469 3795 528 3851 Ter
541 3794 651 3851 circum
663 3791 765 3849 Iliacos
778 3800 938 3868 raptaverat
950 3792 1075 3849 Hectora
1088 3811 1194 3860 muros,

470 3896 702 3970 Exanimumque
715 3912 785 3951 auro
797 3913 899 3971 corpus
910 3894 1062 3961 vendebat,
1082 3894 1222 3953 Achilles.

508 3999 587 4056 Turn
606 4016 674 4055 vero
695 3996 847 4073 Ingentem
867 3995 1010 4073 gemitum
1029 3996 1080 4054 dat
1099 3996 1213 4073 pectore
1232 3997 1270 4056 ab

586 4100 656 4170 imo,

470 4202 514 4261 Ut
527 4201 623 4278 spolia,
643 4211 676 4259 ut
689 4219 797 4271 marrus,
817 4208 907 4275 utque
920 4198 1014 4277 ipsum
1027 4219 1129 4277 corpus
1141 4200 1237 4270 amici,
1264 4218 1267 4226 ·

469 4304 707 4378 Tendentemque
717 4320 819 4360 manus
829 4302 975 4361 Priamum
984 4303 1132 4380 conspexit
1141 4303 1269 4363 inermis.

470 4407 505 4464 Se
517 4423 632 4481 quoque
652 4404 830 4481 principibus
846 4406 1023 4481 permtxtum
1044 4406 1164 4483 agnovit
1176 4404 1268 4465 Achi-

546 4526 599 4576 sss,

470 4610 598 4683 ansque
609 4608 693 4677 acies,
712 4617 742 4665 et
755 4607 830 4684 nigri
844 4607 1012 4665 Memnonis
1024 4627 1113 4667 arma.

471 4709 562 4770 Ducit
574 4710 787 4770 Amazonidum
800 4709 907 4768 lunatis
919 4708 1035 4789 angna
1046 4708 1132 4787 peltis
