3492 6884
711 1791 934 1855 ECLOGA
971 1793 1025 1857 IX.
1224 1802 1264 1856 ³³

716 2263 942 2325 ECLOGA
979 2265 1033 2324 tx.

784 2487 952 2540 MOERIS.

732 2679 875 2723 tremus.
897 2680 1011 2721 mm.

797 2852 942 2893 inerme.

477 2928 551 2989 Quo
578 2940 616 3003 te,
638 2933 735 3003 itineri,
759 2936 861 3011 pedes?
895 2954 942 3005 an,
968 2952 1025 3011 quo
1045 2930 1093 2991 via
1117 2930 1206 3001 ducit,
1230 2929 1263 2989 in

552 3037 670 3094 urbem?

811 3158 927 3198 naurs.

474 3237 502 3294 0
515 3236 633 3313 Lycide,
653 3238 712 3297 vivi
724 3240 913 3315 pervenimus,
932 3240 1039 3297 advena
1052 3236 1147 3308 nostri,

475 3338 565 3395 Quod
577 3357 735 3414 numquam
747 3341 831 3399 veriti
845 3341 949 3410 sumus,
963 3350 1002 3399 ut
1015 3339 1145 3418 poffeffor
1157 3334 1245 3415 agelli

474 3438 602 3507 Diceret,
622 3440 694 3498 Haee
706 3459 769 3497 men
782 3440 860 3498 suut:
883 3453 991 3500 veteres
1004 3442 1126 3516 migrate
1139 3439 1244 3497 coloni.

473 3540 562 3596 Nunc
574 3538 653 3608 vieti,
673 3540 757 3597 tristis
770 3541 907 3616 quoniam
920 3542 987 3599 Fors
998 3542 1094 3598 omnia
1106 3539 1206 3606 versat,

473 3641 535 3698 Hos
547 3640 593 3699 illi
607 3642 698 3717 (quod
710 3660 764 3699 nec
776 3643 850 3700 benc
863 3643 969 3715 vertat)
983 3641 1126 3699 mittimus
1139 3641 1244 3698 hedos.

795 3760 942 3801 uernis.

473 3845 558 3901 Certe
570 3843 705 3918 equidem
717 3842 872 3911 audieram,
886 3842 942 3917 qui
956 3841 984 3899 sc
997 3841 1152 3901 subducere
1165 3842 1252 3902 colle·

472 3944 630 4020 Incipiunt,
650 3944 788 4019 mollique
796 3942 902 4020 jugum
914 3943 1065 4001 demittere
1078 3944 1162 4013 clivo,

472 4046 571 4122 Usque
583 4047 620 4103 ad
633 4064 745 4120 aquam,
758 4054 788 4102 et
800 4053 918 4113 veteres,
926 4043 987 4120 jam
1001 4044 1088 4103 fratta
1102 4045 1261 4115 cacumina,

549 4147 640 4223 sagon,

471 4247 578 4307 Omnia
591 4247 765 4306 carminibus
777 4248 900 4307 vestrmn
913 4247 1029 4307 servasse
1042 4249 1205 4308 Menalcan.

809 4367 924 4406 naurs.

473 4452 621 4522 Audieras,
641 4460 671 4508 et
685 4451 760 4509 fama
773 4449 830 4510 fuit
837 4475 846 4521 ;
867 4449 915 4507 sed
927 4449 1053 4507 carmina
1067 4459 1181 4508 tantum

471 4552 573 4610 Nostra
585 4553 690 4620 valent,
705 4552 822 4628 Lycida,
835 4551 892 4608 tela
904 4552 980 4609 inter
992 4552 1108 4621 Martia,
1121 4560 1260 4629 quantum

472 4654 614 4714 Chaonius
627 4654 738 4727 dicunt,
757 4652 852 4730 aquili
864 4653 1007 4727 veniente,
1027 4655 1181 4714 columbus.

855 4774 877 4813 n
