3492 6884
414 1828 512 1893 moy
735 1824 833 1884 ΗΒ.
873 1824 898 1883 1.
1175 1831 1216 1899 49

413 1978 528 2049 Ponttu,
548 1986 579 2036 et
592 1977 711 2038 ostriferi
725 1981 822 2039 fauces
835 1990 983 2055 tentantur
995 1980 1103 2058 Abydi.

412 2078 499 2137 Libra
513 2079 559 2138 die
571 2080 721 2158 somnique
734 2103 815 2161 pares
828 2084 880 2141 ubi
893 2084 993 2141 fecerit
1006 2084 1098 2150 horas,

412 2181 450 2238 Et
462 2181 592 2240 medium
605 2184 663 2241 luci
676 2194 763 2259 atque
776 2186 885 2243 umbris
894 2185 956 2262 jam
969 2186 1074 2243 dividit
1086 2186 1185 2243 orbem
1190 2209 1200 2257 ς
1268 2254 1274 2263 ,

411 2283 560 2355 Exercete,
578 2285 644 2354 viri,
662 2295 765 2355 tauros,
783 2288 866 2346 serite
880 2288 984 2345 hordea
998 2287 1117 2364 campis,

411 2384 510 2462 Usque
520 2385 572 2443 sub
582 2398 744 2445 extremum
758 2390 867 2446 brumae
878 2389 1067 2447 intrastabilis
1080 2390 1213 2447 imbrem.

411 2487 477 2545 Nec
490 2506 548 2546 non
563 2499 592 2546 et
603 2489 657 2547 lini
670 2489 804 2566 segetem,
824 2503 854 2548 et
867 2492 984 2549 Cereale
997 2510 1129 2568 papaver,

409 2591 537 2668 Tempus
560 2591 650 2649 humo
670 2603 776 2669 tegere,
803 2604 833 2651 et
850 2592 1024 2669 jamdudum
1048 2593 1214 2651 incumbere

489 2692 596 2765 rastris5

411 2794 492 2851 Dum
506 2795 577 2852 ficet
591 2795 692 2854 tellure
705 2796 783 2865 licet,
803 2798 873 2854 dum
887 2797 985 2855 nubila
999 2798 1134 2875 pendent.

412 2896 487 2953 Vere
500 2896 574 2955 sabis
587 2895 673 2955 satio:
697 2909 759 2955 tum
774 2909 802 2955 te
816 2917 939 2975 quoque,
952 2900 1078 2968 Medica,
1092 2909 1188 2976 putres

411 2998 575 3075 Adcipiuut
589 2999 669 3066 sulci,
688 3011 718 3056 ct
731 3001 812 3057 milio
825 3001 907 3058 venit
919 3020 1014 3059 annua
1027 3020 1108 3059 cura:

413 3100 560 3159 Candidus
574 3102 679 3159 auratis
692 3102 783 3177 aperit
796 3122 888 3177 quum
900 3103 1033 3160 cornibus
1045 3122 1154 3161 annum

409 3202 532 3271 Taurus,
553 3214 582 3261 ct
595 3203 692 3261 averso
704 3205 806 3261 cedens
819 3204 908 3262 Canis
920 3205 1028 3262 occidit
1041 3204 1121 3263 astro.

409 3306 462 3373 At,
484 3304 661 3363 fitriticeam
672 3304 704 3362 in
718 3306 834 3363 messem
848 3306 1015 3382 robustaque
1028 3307 1103 3364 farra

409 3406 562 3465 Exercebis
578 3407 710 3478 humum,
731 3407 851 3483 solisque
865 3408 981 3465 instabis
994 3407 1099 3477 aristis3

410 3510 489 3566 Ante
504 3509 558 3566 tibi
571 3510 638 3567 Eoae
651 3510 815 3567 Atlantides
829 3510 1047 3579 abscondantur,

408 3611 572 3688 Gnosiaque
585 3613 708 3670 ardentis
721 3614 840 3670 decedat
853 3613 931 3671 stella
944 3613 1074 3680 Coronae,

409 3715 516 3774 Debita
529 3734 616 3792 quam
630 3715 713 3773 sulcis
727 3716 881 3774 conmittas
895 3715 1010 3785 semina,
1027 3734 1170 3792 quamque

410 3817 512 3875 Invitae
524 3837 656 3895 properes
669 3818 738 3875 anni
751 3819 831 3895 spem
842 3819 957 3875 credere
970 3828 1059 3875 terrae.

408 3919 499 3979 Multi
512 3930 579 3978 ante
592 3921 724 3978 occasum
737 3919 825 3977 Maiae
838 3939 961 3997 coepere3
984 3920 1032 3978 sed
1045 3920 1108 3978 illos

409 4020 578 4099 Exspedata
591 4022 669 4099 seges
682 4021 761 4079 vanis
773 4022 856 4079 elusit
869 4022 966 4080 aristis.

409 4124 437 4181 Si
451 4144 518 4182 vero
532 4124 693 4200 viciamque
706 4125 787 4193 seres,
807 4124 952 4199 vilemque
963 4125 1093 4192 faselum,

409 4226 475 4284 Nec
487 4226 637 4285 Pelusiacae
648 4244 747 4283 curam
761 4226 964 4303 adspemabere
976 4227 1059 4285 lentis
1064 4252 1073 4298 ;

409 4328 497 4387 Haud
511 4327 628 4386 obscura
641 4330 744 4385 cadens
757 4328 854 4385 mittet
867 4329 923 4391 tibt
935 4329 1012 4405 signa
1024 4330 1138 4386 Bootes:

409 4431 518 4508 Incipe,
537 4441 567 4489 et
580 4432 615 4488 ad
629 4430 736 4488 medias
749 4430 905 4487 sementem
917 4432 1039 4488 extende
1052 4431 1176 4507 pruinas.

450 4532 571 4601 Idcirc0,
590 4531 674 4592 certis
687 4532 849 4590 dimensum
861 4534 1000 4609 partibus,
1020 4535 1119 4591 orbem

410 4637 463 4695 Per
475 4636 605 4694 duodena
619 4634 692 4712 regit
705 4634 806 4692 mundi
820 4635 866 4691 Sol
880 4654 980 4692 aureus
993 4635 1072 4692 astra.

411 4738 549 4815 Quinque
564 4738 776 4796 tenentcoelum
786 4756 878 4809 aooae;
894 4756 1013 4813 quarum
1024 4756 1082 4795 una
1092 4736 1208 4795 corusco

805 4858 822 4896 s
