3492 6884
496 1794 535 1844 28
741 1787 1042 1859 BUCOLICA,

709 2270 931 2330 ECLOGA
970 2273 1054 2331 VIII.

609 2498 612 2503 '
662 2491 1118 2546 PHARMACEUTRIA.

704 2685 827 2723 DAHON.
849 2685 1078 2725 Aunesmoeus,

487 2840 655 2897 amoma
666 2839 782 2897 Musam
795 2842 934 2899 Damonis
944 2850 974 2898 et
988 2837 1172 2916 Alphefiboei,

486 2940 643 2998 Immemor
655 2940 807 2999 herbarum
820 2962 891 3017 quos
904 2943 943 3000 est
956 2942 1058 2999 mirata
1068 2939 1192 3016 juvenca

485 3041 639 3112 certantia,
659 3061 781 3118 quorum
794 3042 955 3119 stupefaaae
965 3041 1091 3100 carmine
1104 3042 1210 3116 lynces,

485 3142 523 3199 Et
537 3151 648 3200 mutata
659 3142 723 3201 suos
733 3145 898 3219 requierunt
910 3144 1032 3201 flumina
1045 3141 1156 3211 cursum

484 3244 623 3301 Damonis
635 3244 751 3301 Musam
764 3244 892 3302 dicemus
905 3255 935 3300 et
948 3243 1134 3319 Alphesaboei.

521 3346 579 3414 Tu,
599 3344 673 3403 mihi
686 3344 735 3402 seu
748 3346 847 3422 magni
861 3345 973 3422 superas
982 3343 1045 3421 jam
1058 3344 1125 3402 saxa
1137 3341 1261 3411 Timavi,

484 3445 548 3504 Sive
561 3464 641 3504 oram
654 3445 762 3521 Illyrici
776 3447 847 3523 legis
860 3446 996 3521 aequoris;
1017 3446 1069 3502 en!
1085 3443 1141 3502 erit
1154 3461 1280 3519 unquam

483 3550 537 3606 Ille
550 3548 619 3617 dies,
639 3548 712 3606 mihi
725 3568 791 3606 cum
802 3549 889 3606 liceat
901 3560 952 3605 tua
964 3547 1058 3605 dicere
1071 3546 1162 3603 satia?

485 3650 543 3708 En!
566 3651 631 3720 erit,
646 3659 679 3708 ut
691 3651 776 3708 liceat
790 3661 884 3707 totum
896 3648 969 3706 mihi
983 3649 1057 3705 ferre
1069 3666 1120 3724 per
1133 3649 1232 3706 orbem

483 3752 549 3812 Sola
563 3753 718 3828 Sophocleo
732 3758 781 3808 tua
794 3751 921 3808 carmina
935 3749 1023 3825 digna
1036 3748 1194 3806 cothurno?

483 3856 514 3911 A
527 3863 556 3910 te
568 3853 757 3929 principium
781 3851 834 3907 tibi
847 3850 966 3908 definet.
1005 3850 1118 3926 Adcipe
1127 3849 1209 3927 juffis

483 3954 620 4012 Carmina
645 3963 738 4028 coepta
760 3952 824 4021 tuis,
858 3962 945 4025 atque
970 3951 1045 4010 hanc
1070 3952 1128 4009 fine
1152 3962 1277 4029 tempora

563 4055 673 4112 circum

483 4158 563 4215 Inter
575 4156 704 4214 vieriees
716 4156 827 4212 ederam
842 4154 898 4213 tibi
911 4155 1020 4232 serpere
1033 4157 1135 4213 lauros.

522 4257 638 4332 Frigida
650 4256 699 4313 vix
713 4256 784 4313 coeIo
798 4257 888 4314 noffls
902 4257 1055 4315 decesserat
1067 4259 1180 4326 umbra,

483 4363 559 4419 Cum
573 4380 617 4417 ros
630 4360 662 4416 in
676 4360 771 4416 tenera
784 4360 880 4434 pecori
893 4360 1065 4435 gratiffimus
1078 4359 1176 4429 herba,

483 4465 655 4521 Incumbens
668 4460 751 4518 tereti
764 4460 878 4518 Damon
894 4460 930 4517 sac
944 4461 1032 4537 coepit
1045 4461 1145 4518 olivae:

823 4582 946 4621 mama.

483 4665 615 4734 Nascere,
621 4682 734 4742 praeque
742 4663 819 4722 diem
824 4662 942 4723 veniens
949 4683 1012 4742 age,
1020 4664 1273 4738 Lucifer,almum;
