3492 6884
472 1824 581 1887 noso.
777 1823 876 1883 ΗΒ.
916 1825 971 1884 ΙΙΙ.
1217 1836 1272 1899 271

475 1983 555 2041 Nam
569 1982 661 2050 simul,
681 1981 811 2059 expletus
823 1981 953 2059 dapibus,
973 1980 1099 2058 vinoque
1111 1980 1246 2060 sepultus,

475 2087 626 2144 Cervicem
638 2085 776 2143 inflexam
793 2085 898 2162 posuit,
914 2084 1063 2162 jacuitque
1075 2104 1126 2162 per
1138 2096 1254 2146 antrum

474 2189 634 2258 Inmensus,
654 2189 761 2247 saniem
774 2190 913 2258 emdlans,
933 2208 968 2247 ac
980 2188 1066 2247 fmsta
1079 2200 1199 2247 cruento

475 2295 528 2352 Per
539 2294 670 2353 somnum
684 2293 832 2352 conmixta
845 2311 942 2365 mer03
962 2306 1023 2363 nos,
1043 2311 1148 2370 magna
1165 2293 1273 2371 precati

474 2396 616 2467 Numina,
636 2395 784 2473 sortitique
797 2397 881 2467 vices,
902 2397 960 2453 una
973 2396 1100 2473 undique
1113 2396 1224 2455 circum

474 2500 644 2569 Fundimur‚
664 2511 695 2558 et
708 2500 766 2558 telo
779 2501 879 2558 lumen
893 2501 1067 2559 terebramus
1079 2510 1174 2570 acuto,

474 2604 589 2682 Ingens,
609 2605 687 2680 quod
701 2605 780 2662 torva
793 2604 885 2661 solum
898 2603 951 2661 sub
963 2604 1057 2662 fronte
1069 2604 1186 2673 latebat,

474 2707 605 2786 Argolici
618 2707 712 2784 clipei,
733 2717 784 2765 aut
798 2707 928 2765 Phoebeae
940 2707 1089 2784 lampadis,
1108 2707 1211 2766 instar:

474 2812 512 2869 Et
526 2812 643 2870 tandem
656 2811 715 2868 laeti
729 2810 869 2868 sociorum
883 2809 1048 2869 ulciscimur
1061 2813 1184 2869 umbras.
1262 2814 1264 2818 '

473 2915 528 2974 Sed
537 2913 782 2992 sugite,omiseri!
805 2912 911 2990 sugite,
934 2924 1021 2990 atque
1030 2917 1067 2973 ab
1076 2915 1161 2973 litore
1172 2916 1272 2975 sunem

471 3019 627 3096 Rumpite:

472 3123 562 3194 Nam,
576 3121 669 3199 qualis
677 3131 858 3197 quantusque
868 3139 938 3179 cavo
950 3121 1140 3199 Polyphemus
1150 3124 1179 3180 in
1191 3134 1275 3182 antro

472 3226 628 3304 Lanigeras
641 3225 751 3284 claudit
768 3225 901 3302 pecudes,
921 3233 1008 3301 atque
1020 3229 1108 3284 ubera
1122 3227 1233 3304 pressat,

473 3331 601 3389 Centum
613 3330 664 3388 alii
677 3348 764 3387 curva
776 3328 838 3386 haec
851 3328 984 3386 habitant
997 3331 1032 3387 ad
1046 3330 1129 3387 litora
1143 3331 1228 3407 volgo

472 3434 589 3492 Infandi
602 3433 751 3511 Cyclopes,
771 3441 800 3489 et
814 3432 879 3490 altis
891 3432 1038 3491 montibus
1050 3445 1156 3491 errant.

470 3538 570 3598 Tertia
579 3537 641 3614 jam
656 3538 746 3595 Lunae
759 3536 787 3593 se
800 3555 906 3594 cornua
925 3536 1036 3594 lumine
1048 3537 1193 3614 conplent,

473 3643 576 3700 Quum
588 3641 678 3698 vitam
692 3640 723 3697 in
738 3639 821 3709 salvis,
842 3638 920 3697 inter
932 3640 1041 3698 deserta
1056 3642 1181 3698 ferarum

471 3745 570 3804 Lustra
578 3747 744 3820 domosque,
752 3744 844 3814 traho,
854 3744 1000 3821 vastosque
1008 3746 1045 3803 ab
1055 3764 1124 3819 rupe
1132 3746 1273 3822 Cyclopas

471 3848 623 3926 Prospicio,
642 3847 826 3923 sonitumque
838 3848 945 3924 pedum
959 3867 1116 3924 vocemque
1130 3848 1271 3907 tremisco.

471 3953 591 4011 Victum
602 3951 760 4021 infelicem,
781 3953 891 4020 baccas,
909 3951 1092 4027 lapidosaque
1104 3971 1200 4023 corna,

472 4057 552 4115 Dant
566 4054 648 4122 rami,
668 4066 697 4112 et
711 4054 793 4112 volsas
805 4053 926 4131 pascunt
940 4055 1082 4115 radicibus
1096 4056 1200 4115 lterbae.

471 4159 579 4218 Omnia
592 4158 774 4226 conlustrans,
787 4160 861 4216 banc
872 4158 998 4234 primum
1012 4160 1048 4217 ad
1060 4160 1144 4219 litora
1157 4160 1272 4219 clatlem

471 4262 618 4340 Conspexi
627 4263 800 4321 venientem.
815 4262 894 4321 Huic
902 4283 958 4331 me,
969 4283 1157 4340 quascumque
1165 4264 1270 4333 fuisset,

470 4367 595 4426 Addixi:
618 4366 684 4425 satis
696 4368 735 4424 est
748 4375 865 4443 gentem
878 4366 1009 4444 cffugill'e
1022 4368 1194 4425 nefandams

470 4472 529 4529 Vos
538 4471 664 4529 animam
675 4469 748 4528 hanc
756 4470 850 4548 potius
860 4489 1042 4547 quocumque
1051 4469 1192 4528 absumite
1199 4470 1269 4531 leto.

508 4576 569 4633 Vix
583 4594 616 4633 ea
629 4575 705 4632 satus
718 4585 787 4643 erat,
803 4569 914 4632 suinmo
927 4594 1018 4651 quum
1031 4586 1130 4631 monte
1139 4574 1270 4631 videmus

469 4677 580 4756 Ipssrm,
598 4678 675 4736 inter
687 4678 809 4756 pecudes
822 4679 897 4736 vasta
911 4678 939 4737 se
951 4678 1028 4736 mole
1041 4688 1215 4745 moventem,

470 4783 611 4841 Pastorem
625 4782 844 4861 Polyphemum,
861 4791 892 4841 et
904 4782 989 4842 litora
1003 4793 1069 4840 nota
1084 4790 1246 4859 petentem:
