3492 6884
401 1760 508 1835 r'.678.
705 1765 757 1826 LI
770 1757 804 1825 Β.
834 1758 883 1823 '11ss
1142 1765 1200 1820 141

401 1918 457 1977 Cui
472 1930 561 1997 pater,
581 1929 612 1979 et
624 1919 761 2000 conjunx,
780 1922 927 1998 quondam
939 1931 993 1980 tua
1007 1915 1092 1991 dieta,
1113 1917 1201 1976 relin-

517 2026 606 2099 quor?

426 2126 522 2186 -Talia
536 2127 694 2187 vociferans
710 2127 822 2205 gemitu
837 2127 944 2186 tectum
957 2143 1044 2184 omne
1057 2124 1199 2202 replebntr

400 2225 503 2288 Quum
512 2230 638 2289 subitum
647 2230 783 2307 dictuque
790 2230 882 2289 oritur
892 2230 1024 2288 mirabile
1033 2227 1200 2287 monstrum.

400 2332 536 2409 Namque
556 2350 660 2393 manus
678 2334 764 2404 inter,
789 2334 1008 2410 maestorumque
1028 2351 1077 2391 orn
1097 2348 1199 2408 paren·

464 2447 550 2507 imm,

400 2538 486 2596 Ecce!
509 2539 580 2598 levis
594 2539 706 2598 summo
718 2539 876 2599 devertice
888 2536 963 2598 visus
976 2538 1033 2597 Iuli

398 2641 529 2701 Fundere
542 2643 642 2702 lumen
653 2663 736 2722 aper,
757 2645 891 2719 tactuque
903 2643 1022 2701 innoxia
1035 2638 1131 2701 mollin

398 2746 539 2805 Lambere
551 2747 667 2806 flamma
680 2767 785 2815 comas,
805 2759 835 2805 et
847 2746 957 2805 circum
971 2757 1098 2823 tempora
1110 2741 1198 2822 pasci.

397 2848 461 2906 Nos
472 2849 568 2927 pavidi
583 2850 724 2928 trepidare
739 2861 828 2918 metu,
848 2850 1015 2927 crinemque
1027 2850 1197 2925 flagrantem

398 2953 550 3024 Excutere,
570 2963 601 3012 et
613 2953 722 3012 sanctos
734 2954 909 3030 restinguere
922 2953 1050 3011 fontibus
1062 2953 1154 3030 ignee.

397 3058 441 3114 At
453 3057 534 3134 patei
546 3055 687 3115 Anchises
698 3056 796 3114 ocutos
809 3059 845 3114 ad
859 3056 947 3114 fidera
960 3056 1043 3114 iaetur

398 3159 522 3230 Extulit,
542 3168 572 3217 et
585 3159 659 3217 ooelo
670 3159 779 3236 palmas
791 3177 859 3217 cum
871 3178 941 3217 voce
954 3160 1091 3217 tetendit:

396 3263 531 3341 Juppiter
542 3262 734 3339 omnipotens,
754 3261 886 3339 precibus
900 3263 920 3319 fi
933 3262 1056 3321 flecteris
1069 3264 1145 3332 ullis,

398 3365 524 3443 Adspice
536 3384 602 3436 nos3
623 3364 679 3422 boc
689 3373 818 3422 tuntum:
840 3376 879 3435 et,
892 3366 913 3424 fi
926 3365 1034 3443 pietate
1043 3385 1197 3437 meremur,

396 3469 443 3528 Da
453 3469 560 3528 deinde
567 3468 718 3536 auxilium,
728 3479 818 3545 pater,
828 3480 915 3545 atque
925 3470 987 3527 haec
997 3470 1093 3528 omina
1104 3469 1195 3529 firma.

434 3573 495 3630 Vix
507 3590 541 3631 en
554 3572 631 3631 satur
641 3583 703 3630 erat
711 3571 814 3642 senior,
834 3571 985 3649 subitoque
998 3572 1111 3650 fragore

397 3675 530 3733 Intonuit
542 3676 663 3747 levum5
684 3684 723 3744 et,
743 3676 780 3733 de
795 3676 869 3734 coelo
881 3675 968 3745 labsa,
986 3689 1038 3753 pe'r
1048 3678 1165 3735 umbras

396 3779 493 3849 Stella,
514 3780 608 3837 facem
620 3779 737 3849 ducens,
758 3778 850 3837 multi
862 3790 930 3837 cum
943 3778 1008 3837 luce
1019 3780 1156 3838 cucurrit.

396 3883 490 3954 Illam,
510 3882 621 3941 summa
634 3882 718 3957 super
730 3881 875 3940 labentem
887 3881 1015 3940 culmina
1029 3884 1106 3953 tecti,

396 3985 549 4044 Cernimus
562 3985 639 4044 ldaet
652 3985 760 4043 claram
772 3984 801 4042 se
812 3985 936 4043 condere
949 3985 1027 4055 fitvn,

397 4089 624 4167 Signantemque
635 4087 709 4159 vias3
731 4098 795 4146 tum
807 4088 897 4165 longo
908 4087 1002 4147 limite
1015 4088 1111 4149 sulcus

397 4193 457 4252 Dat
468 4192 574 4262 lucem,
593 4201 623 4250 et
635 4192 694 4250 late
706 4192 816 4250 circum
828 4191 891 4251 loca
903 4191 1012 4251 sulfure
1025 4194 1147 4253 fumant.

397 4295 456 4354 Hic
469 4314 536 4353 vero
546 4295 638 4353 victus
650 4294 764 4372 genitor
776 4294 804 4353 se
818 4295 894 4353 tollit
906 4297 943 4354 nd
955 4315 1047 4366 aurun,

396 4398 581 4474 Adfaturque
591 4399 668 4466 dens,
687 4408 717 4457 et
731 4399 858 4458 sancium
877 4400 952 4458 fidus
964 4401 1075 4460 adomt:

396 4500 540 4581 Jamqfam
559 4502 639 4561 nulla
657 4520 737 4561 mora
755 4503 810 4561 est:
832 4502 949 4579 sequor;
978 4514 1017 4573 et,
1039 4505 1097 4580 qut
1114 4504 1194 4564 duci·

433 4638 436 4646 ·
475 4605 521 4674 tir,
539 4605 649 4664 adsum.
1148 4621 1160 4627 ”

397 4708 436 4768 Di
445 4707 545 4787 patrii,
563 4708 671 4768 servate
683 4709 813 4778 domum,
832 4709 941 4769 servate
953 4718 1102 4788 nepotem:

787 4823 805 4863 r
