3492 6884
566 1836 605 1891 ⁸4
800 1830 1131 1903 GEORGICON,
1277 1841 1366 1895 md.

562 1984 702 2054 Mincius,
722 1996 752 2044 et
766 1990 861 2047 teneri
876 1988 1010 2067 praetexit
1023 1987 1165 2047 arundine
1178 1985 1263 2065 ripas.

562 2091 577 2149 1
581 2108 600 2148 n
615 2088 711 2147 medio
724 2091 798 2148 mihi
811 2092 906 2150 Caesar
918 2092 983 2162 erit,
1002 2092 1201 2168 templumque
1215 2091 1335 2168 tenebit.

562 2193 612 2252 Illi
627 2192 718 2250 vietor
729 2212 792 2270 ego,
812 2205 842 2252 et
856 2193 947 2272 Tyrio
964 2189 1129 2270 conspeetu
1143 2193 1173 2251 in
1186 2191 1269 2274 ostro,

565 2297 695 2357 Centum
708 2297 892 2375 quadrijugos
905 2297 1022 2374 agitabo
1034 2296 1071 2354 ud
1084 2295 1205 2354 flumina
1219 2315 1328 2355 currus.

565 2398 679 2459 Cunila
688 2398 771 2468 mihi,
778 2400 924 2476 Alpheum
932 2398 1065 2475 linquens
1073 2399 1208 2474 lucosque
1213 2398 1368 2471 Molorchi,

566 2503 704 2563 Cursibus
718 2512 747 2559 et
761 2504 848 2561 crudo
861 2504 996 2561 decernet
1008 2501 1120 2560 Graecia
1133 2501 1219 2559 cestu.

565 2604 641 2684 Ipse,
662 2615 747 2682 caput
761 2605 849 2662 tonsae
862 2605 940 2663 soliis
953 2613 1069 2662 ornatm
1082 2603 1174 2673 olivae,
1361 2665 1366 2675 Ι

567 2711 653 2768 Dona
665 2708 764 2765 seram.
789 2709 855 2784 Jam
870 2725 948 2764 nunc
961 2705 1103 2764 sollemnis
1116 2706 1219 2763 ducere
1231 2723 1349 2785 pompas

567 2812 617 2870 Ad
631 2809 748 2868 delubra
757 2808 849 2886 juvat,
869 2808 1010 2884 caesosque
1022 2807 1119 2866 videre
1128 2805 1278 2883 juvencos3

568 2913 625 2971 Vel
640 2912 723 2970 scena
737 2924 769 2969 ut
783 2912 867 2970 versis
881 2910 1007 2969 discedat
1019 2909 1170 2977 frontibus,
1191 2920 1280 2986 utque

568 3018 714 3092 Purpurea
728 3014 833 3072 intexti
848 3014 951 3072 tollant
964 3013 1054 3071 aulaea
1066 3011 1208 3071 Britanni.

569 3120 605 3178 In
620 3116 729 3175 foribus
743 3137 871 3194 pugnam
885 3136 922 3173 ex
935 3134 1004 3173 auro
1017 3113 1165 3191 solidoque
1175 3115 1328 3192 elephanto

571 3219 770 3297 Gangaridum
784 3221 899 3290 faciam,
920 3217 1090 3294 vinorisque
1104 3236 1182 3276 anna
1194 3218 1330 3291 Quirini,

571 3326 673 3400 Atque
686 3323 733 3380 hic
746 3324 905 3380 undantem
918 3321 994 3378 bello
1006 3338 1202 3397 magnumque
1214 3307 1359 3381 fiuntd

572 3427 689 3495 Nilum,
710 3446 743 3484 ac
757 3425 851 3484 navali
865 3423 1005 3499 surgentis
1019 3442 1074 3481 aere
1087 3423 1242 3482 columnas.

572 3532 689 3590 Addam
701 3528 779 3586 urbis
791 3528 866 3587 nfiae
879 3525 1010 3593 domitas,
1030 3524 1200 3602 pulsumque
1213 3525 1373 3604 Niphaten,

573 3635 784 3709 Fidentemque
798 3631 868 3708 sugit
882 3628 1018 3687 Parthum
1030 3628 1171 3704 versasque
1184 3627 1303 3706 sagittis,
1319 3612 1321 3616 ⁷

575 3738 612 3795 Et
626 3738 684 3794 duo
697 3746 776 3811 rapta
789 3752 878 3790 mauu
892 3731 1002 3789 diverso
1015 3749 1052 3788 ex
1065 3730 1143 3788 holle
1156 3740 1271 3808 tropaea,

575 3839 682 3915 Bisque
696 3835 887 3911 triumphatas
900 3844 1022 3909 utroque
1035 3834 1071 3891 ab
1085 3833 1168 3891 litore
1181 3833 1284 3910 gentis.

576 3943 699 4000 Stabunt
712 3949 742 3996 et
755 3938 829 3995 Parii
843 3936 961 4012 lapides,
981 3935 1117 4011 spirantia
1130 3935 1219 4013 figna,

576 4041 704 4103 Assaraci
718 4040 819 4117 proles,
840 4037 1022 4113 deanusaeque
1034 4039 1071 4095 ab
1084 4040 1155 4115 Jove
1168 4037 1262 4116 gentis
1359 4090 1366 4102 ,

578 4144 716 4210 Nomina,
723 4143 852 4217 Trosque
862 4158 973 4217 parens,
984 4138 1110 4217 etTrojae
1118 4140 1263 4217 Cynthius
1271 4140 1377 4202 anaor.

578 4245 691 4305 invidia
705 4243 809 4301 infelix
824 4242 931 4309 Furias,
952 4260 1123 4318 amnemque
1137 4242 1265 4301 sevemm
1367 4259 1369 4262 ·

579 4346 693 4424 Cocyti,
713 4354 832 4413 metuet,
854 4354 999 4419 tortosque
1013 4344 1122 4402 Ixionis
1135 4345 1247 4421 anguis,

579 4452 789 4523 Inmanemque
803 4458 903 4514 rotam,
923 4456 953 4502 et
966 4465 1024 4503 non
1038 4446 1233 4523 exsuperabile
1246 4447 1363 4508 saxum.

620 4555 731 4611 Interea
745 4551 894 4626 Dryadum
909 4547 989 4605 filvas
1003 4547 1144 4625 saltusque
1157 4549 1308 4624 sequamur

580 4656 722 4725 sunum,
741 4665 799 4722 tua,
820 4652 975 4717 Maecenas,
994 4649 1070 4708 haud
1083 4651 1180 4709 mollia
1190 4651 1273 4728 jussa.

580 4761 626 4819 Te
638 4759 698 4818 sinc
710 4756 753 4815 nil
766 4755 858 4814 altum
871 4771 952 4811 mena
964 4751 1093 4812 inchoat.
1127 4755 1186 4813 Enl
1208 4774 1272 4834 age,
1286 4755 1382 4834 segub
