3492 6884
546 1783 589 1845 ω
763 1778 1092 1851 GEORGICON,
1238 1791 1345 1855 v.175.

548 1937 707 2018 Ingredior,
726 1935 835 1997 sanctos
848 1936 931 1996 ausus
944 1936 1090 1995 recludere
1103 1935 1206 2008 fontis3

548 2042 753 2117 ascraeumque
763 2060 835 2099 cano
848 2041 976 2098 Romana
990 2057 1040 2116 per
1052 2040 1157 2117 oppida
1170 2058 1293 2099 carmen.

584 2146 674 2205 Nunc
692 2145 771 2203 locus
788 2162 920 2202 arvorum
932 2143 1057 2221 ingeniis
1062 2168 1071 2213 ;
1093 2162 1158 2219 quae
1169 2145 1270 2202 robora
1282 2143 1344 2202 cui·

557 2280 560 2283 ⁴
662 2266 728 2324 que,

510 2372 518 2386 ·
545 2351 622 2412 Quis
634 2351 721 2421 color,
741 2361 771 2409 et
785 2370 849 2427 quae
862 2350 896 2408 fit
909 2350 993 2407 rebus
1006 2358 1106 2406 natura
1118 2347 1252 2406 ferendis.

544 2454 688 2514 Difficiles
700 2455 826 2531 primum
841 2465 932 2521 terrae,
952 2450 1094 2527 collesque
1108 2450 1238 2527 maligni,

543 2558 653 2617 Tenuis
666 2557 717 2615 ubi
730 2556 841 2633 argilla,
861 2565 892 2612 et
904 2554 1028 2612 dumosrs
1044 2553 1170 2611 calculus
1182 2552 1266 2624 arvis,

544 2661 670 2721 Palladia
683 2660 810 2737 gaudent
824 2657 892 2715 filva
905 2656 1011 2714 vivacis
1023 2655 1114 2713 olivae.

544 2764 658 2822 Indicio
671 2762 720 2831 est,
741 2761 831 2819 trabis
846 2760 964 2836 surgens
976 2759 1093 2818 oleaster
1105 2760 1207 2817 eodem

544 2866 697 2934 Plurimus,
717 2874 747 2922 ct
760 2863 837 2921 strati
850 2863 946 2921 baccis
959 2862 1127 2921 filvestn'bus
1139 2862 1213 2939 agri.

543 2970 588 3027 At
600 2987 665 3044 quae
677 2965 792 3044 pinguis
806 2966 921 3035 humus,
939 2967 1074 3042 dulcique
1087 2964 1198 3043 uligine
1209 2964 1285 3033 laeta,

544 3070 664 3146 Quique
677 3071 812 3145 frequens
824 3068 920 3127 herbis
932 3079 962 3127 et
974 3068 1077 3127 fertilis
1090 3070 1178 3126 ubere
1190 3085 1316 3143 campus,

544 3173 671 3232 Qualem
685 3173 758 3249 saepe
771 3171 840 3230 cavi
852 3172 959 3229 montis
971 3171 1102 3230 convalle
1114 3170 1236 3230 solemus

542 3275 700 3353 Dispicere,
722 3276 778 3334 huc
792 3275 910 3333 summis
921 3275 1073 3352 liquuntur
1085 3273 1202 3351 rupibus
1214 3290 1321 3341 amnes,

542 3379 725 3456 Felicemque
739 3379 857 3438 trahunt
873 3377 977 3436 limum
982 3403 990 3449 ;
1013 3377 1119 3454 quique
1131 3376 1226 3435 editus
1238 3376 1342 3446 austro,

542 3484 581 3542 Et
593 3483 700 3541 filicem
713 3484 806 3541 cursis
819 3481 941 3540 invisam
953 3480 1044 3557 pascit
1057 3479 1155 3539 aratris
1160 3504 1170 3551 3

541 3585 602 3645 Hic
616 3586 670 3644 tibi
683 3586 849 3663 praevalidas
861 3586 933 3644 olim
946 3584 1095 3659 multoque
1107 3581 1224 3641 fluentis

542 3689 671 3748 Sufficiet
685 3689 796 3748 Baccho
808 3690 888 3759 vitis;
911 3687 960 3746 hic
972 3687 1076 3746 fertilis
1088 3706 1159 3756 uvae,

540 3792 601 3851 Hic
613 3792 715 3862 laticis,
736 3792 849 3867 qualern
862 3789 967 3867 pateris
979 3790 1101 3847 libamus
1113 3796 1143 3847 et
1156 3807 1233 3858 auro,

539 3895 658 3953 inflavit
670 3913 761 3971 quum
773 3893 889 3970 pinguis
902 3894 974 3949 ebur
985 3891 1150 3968 Tyrrhenus
1160 3891 1196 3949 ad
1207 3909 1279 3959 aras,

540 3998 683 4056 Lancibus
697 4006 727 4053 et
739 3996 840 4072 pandis
853 3994 996 4052 fumantia
1009 3994 1153 4060 reddimus
1166 4004 1244 4052 exta.

539 4099 590 4159 Sin
602 4108 732 4158 armenta
749 4098 841 4174 magis
854 4097 978 4154 studium
991 4096 1152 4173 vitulosque
1165 4097 1249 4165 tueri,

539 4204 603 4261 Aut
616 4201 691 4259 fetus
704 4201 810 4268 ovium,
830 4208 880 4258 aut
893 4200 1002 4258 urentis
1013 4200 1090 4258 culta
1103 4199 1242 4276 capellam

539 4305 642 4371 Saltus,
662 4314 692 4361 et
704 4303 791 4361 saturi
804 4302 894 4380 petito
907 4303 1064 4380 longinqua
1077 4302 1207 4370 Tarenti,

539 4408 579 4466 Et
592 4406 706 4483 qualem
718 4406 822 4465 infelix
834 4406 928 4465 amisit
941 4409 1064 4466 Mantua
1077 4424 1221 4482 campum,
1262 4435 1266 4446 ·

539 4510 704 4569 Pascentem
718 4510 814 4568 niveos
827 4509 947 4567 herboso
959 4510 1079 4568 flumine
1092 4526 1211 4585 cycnos:

540 4612 719 4691 Nonliquidi
728 4612 863 4691 gregibus
871 4613 973 4684 fontes,
982 4633 1039 4672 non
1050 4612 1189 4691 gramina,
1197 4612 1336 4684 deemn15

540 4717 589 4788 Et,
601 4726 743 4795 quantum
754 4717 848 4796 longis
861 4726 981 4797 carpent
993 4726 1121 4777 armenta
1134 4714 1247 4783 diebus,
