3492 6884
533 1772 573 1824 34
777 1765 1079 1840 unconlcn,
1233 1777 1322 1828 tu.

534 1914 632 1984 Quod,
651 1914 704 1973 nifi
716 1935 763 1975 me
775 1922 956 1999 quacumque
966 1942 1052 1981 novas
1064 1922 1191 1981 incidere
1202 1922 1263 1981 litis

531 2018 611 2073 Ante
624 2017 728 2076 sinistra
741 2023 809 2078 cavi
821 2024 972 2081 monuiss'et
984 2028 1021 2083 ab
1033 2025 1098 2081 ilice
1108 2024 1218 2093 oernix,

530 2117 596 2177 Nec
609 2128 674 2177 tuus
686 2120 735 2178 hic
746 2123 856 2192 Moeris,
869 2142 923 2182 nec
935 2126 1043 2183 viveret
1054 2125 1114 2201 ipse
1126 2125 1280 2184 Menalcas.

853 2245 996 2284 nucinas.

529 2322 610 2381 Heu!
632 2324 709 2382 cadit
719 2325 751 2382 in
764 2345 938 2403 quemquam
951 2326 1179 2385 tantumsoelus?
1193 2327 1259 2398 heu,
1268 2337 1318 2388 tna

605 2426 689 2484 nobis

528 2528 611 2584 Paene
624 2528 704 2584 fimui
719 2537 814 2586 tecum
827 2528 926 2586 solatia
939 2539 1028 2606 rapta,
1048 2530 1193 2587 Menalca!

528 2627 604 2685 Quis
616 2642 731 2685 caneret
743 2630 909 2705 Nymphas?
939 2631 1004 2706 quis
1016 2631 1137 2689 humum
1149 2630 1317 2691 florentibus

604 2726 700 2785 herbis

525 2830 691 2905 spargeret?
711 2839 760 2885 aut
773 2829 857 2887 viridi
870 2830 959 2889 fontis
972 2831 1121 2890 induceret
1132 2835 1252 2892 umbri?

524 2929 589 2997 Vel,
609 2947 672 3006 quae
685 2929 794 3007 sublegi
808 2932 911 2989 tacitus
924 2933 978 2989 tibi
991 2934 1116 2991 earmina
1128 2952 1228 3011 nuper,

524 3032 626 3089 Quum
646 3042 674 3089 tc
688 3033 723 3089 ad
735 3032 851 3090 delicias
868 3034 964 3102 ferres,
984 3036 1171 3112 Amaryllida,
1191 3037 1312 3097 nostras?

521 3135 632 3211 Tityre,
651 3136 721 3192 dum
734 3137 826 3204 redeo,
845 3136 938 3195 brevis
949 3138 987 3194 est
1000 3138 1055 3206 sia,
1075 3140 1156 3215 pasce
1167 3140 1288 3215 capellas
1292 3167 1302 3213 3

522 3236 560 3293 Et
572 3247 672 3310 potum
684 3236 773 3311 pastas
786 3255 848 3312 age,
866 3238 967 3314 Tityre
972 3264 981 3309 3
1003 3250 1033 3296 et
1045 3240 1121 3297 inter
1134 3243 1278 3317 agendum

520 3336 676 3395 Occursare
689 3356 782 3415 capro,
802 3357 891 3395 cornu
904 3339 973 3397 ferit
984 3340 1044 3409 ille,
1063 3351 1173 3400 caveto.

857 3460 972 3499 uoears.

518 3543 613 3601 Immo
626 3542 696 3611 haec,
716 3562 780 3618 quae
792 3543 869 3600 Varo
882 3561 935 3600 nec
947 3544 1017 3600 dum
1030 3543 1154 3619 perfeeta
1166 3547 1296 3620 canebat.

517 3645 603 3712 Vare,
624 3656 707 3701 tuum
720 3663 822 3701 nomen
836 3644 962 3719 (superet
975 3644 1060 3700 modo
1072 3644 1194 3702 Mantua
1207 3646 1304 3716 nobis,

516 3744 648 3811 Mantua,
668 3763 711 3800 vae
724 3743 832 3800 miserae
845 3744 969 3800 nimium
982 3744 1074 3801 vicina
1085 3745 1264 3821 Cremonael)

516 3844 672 3900 Cantantes
685 3841 805 3898 sublime
818 3841 912 3898 ferent
924 3825 960 3899 ad
974 3844 1061 3900 sidera
1073 3846 1169 3920 cycni.

847 3961 981 4001 nucinas

514 4042 561 4101 Sic
572 4052 620 4100 tua
634 4043 760 4119 Cyrneas
773 4041 887 4119 fugiant
896 4046 1027 4102 examina
1041 4054 1135 4116 taxos,

514 4145 560 4204 Sic
571 4144 660 4221 cytiso
672 4144 755 4220 pastae
768 4143 926 4202 distendant
939 4145 1026 4203 ubera
1038 4165 1145 4204 vacce:

512 4246 621 4322 Incipe,
641 4245 739 4320 siquid
752 4245 846 4303 habes.
886 4248 924 4304 Et
933 4266 980 4304 me
992 4248 1084 4305 fecere
1096 4250 1210 4324 poetam

512 4347 636 4406 Pierides
640 4371 648 4417 ς
663 4346 729 4403 sunt
740 4346 850 4403 etmihi
863 4348 1002 4405 earmina:
1019 4368 1065 4407 me
1077 4351 1298 4426 quoquedicunt

510 4450 616 4506 Vatem
628 4449 747 4524 pastores
753 4473 762 4518 3
784 4448 830 4505 sed
844 4467 901 4505 non
915 4468 969 4525 ego
981 4451 1110 4507 credulus
1122 4450 1185 4509 illis.

510 4551 589 4609 Nam
602 4567 694 4624 neque
707 4549 800 4606 adhuc
812 4550 901 4607 Vario
911 4551 1016 4619 videor,
1034 4570 1086 4609 nec
1097 4552 1190 4610 dicere
1200 4555 1297 4614 Cinna

507 4653 616 4733 Digna,
635 4652 683 4711 sed
694 4661 809 4731 argutos
820 4652 897 4711 inter
906 4652 1024 4732 strepere
1036 4654 1116 4713 anser
1127 4656 1228 4717 olores.
