3492 6884
470 1784 532 1858 260
733 1783 1011 1856 AENIIIDOS,
1161 1775 1273 1841 vam

473 1940 539 1997 Pars
552 1937 680 1998 Heleno:
703 1939 753 2015 qui
766 1941 912 2000 Chaonios
923 1939 1095 2020 cognomine
1108 1943 1234 2015 campa,
1268 2019 1270 2025 Α

471 2041 690 2118 Chaoniamque
703 2062 819 2102 ornnem
831 2043 958 2122 ijano
970 2064 986 2103 a
997 2044 1116 2102 Chaone
1128 2038 1220 2109 dixit3

471 2144 674 2222 Pergamaque,
687 2144 861 2222 Iliacamque
869 2143 949 2224 jugis
963 2145 1036 2204 hanc
1045 2142 1157 2202 addidit
1166 2159 1271 2200 aroem.

471 2247 526 2304 Sed
541 2246 595 2304 tibi
608 2246 659 2322 qui
672 2246 787 2304 cursum
800 2248 890 2319 venti,
911 2247 1057 2323 quassata,
1071 2245 1193 2303 dorlere?

471 2350 534 2406 Aut
548 2349 679 2424 quisnam
694 2348 828 2425 ignarum
841 2349 941 2407 nostris
954 2349 1024 2406 deus
1036 2347 1148 2425 adpulit
1160 2345 1233 2405 oris?

473 2450 556 2508 Quid
569 2469 639 2526 puer
651 2450 806 2520 Ascanius,
828 2450 988 2528 superatne,
1008 2460 1038 2508 et
1052 2448 1174 2509 vescitru
1186 2448 1274 2506 aurs?
1288 2495 1291 2500 .

475 2554 575 2611 Quem
589 2553 643 2611 tibi
652 2551 713 2630 jam
725 2552 811 2630 Troja
832 2557 851 2593 ὓ
867 2557 886 2594 ⁴*
903 2557 922 2594 t
939 2557 957 2594 ὓ

476 2655 574 2731 Ecqua
590 2665 685 2713 tamen
700 2674 788 2732 puero
801 2655 841 2714 cst
853 2655 960 2713 amissa
973 2674 1040 2714 cura
1054 2655 1196 2733 parentis?

477 2758 588 2833 Ecquid
603 2758 633 2814 in
648 2758 797 2834 antiquam
810 2757 957 2827 virtutem,
968 2758 1144 2833 animosque
1156 2755 1255 2827 virilis,

477 2860 516 2917 Et
528 2869 610 2936 pater
622 2859 741 2929 AEneas,
760 2869 790 2917 et
802 2860 960 2918 avunculus
972 2861 1080 2918 excitat
1092 2859 1216 2918 Hestor?

515 2960 599 3019 Talia
613 2961 753 3019 fundebat
764 2960 932 3031 lacrimans,
945 2961 1102 3039 longosque
1115 2962 1211 3020 ciebat

478 3063 620 3121 Incassum
632 3064 732 3135 fletus3
753 3083 844 3140 quum
857 3064 915 3122 sese
927 3083 944 3122 a
958 3064 1100 3123 moenibus
1113 3063 1195 3121 heros

479 3165 635 3225 Priamides
647 3166 746 3223 multis
760 3166 889 3224 Helenus
902 3165 1105 3225 comitantibus
1118 3166 1221 3235 adfert,

480 3267 698 3346 Adgnoscitquc
709 3267 784 3338 suos,
802 3269 942 3344 latusque
954 3270 990 3326 ad
1003 3267 1104 3327 limina
1117 3268 1208 3338 ducit,

481 3371 519 3429 Et
533 3370 647 3428 vultum
661 3370 787 3428 lacrimis
800 3372 885 3428 verba
898 3370 975 3427 inter
988 3371 1098 3448 lingula
1111 3371 1218 3430 fundit.

483 3476 616 3542 Procedo,
636 3483 665 3530 et
679 3493 794 3550 parvam
807 3473 933 3551 Troiam,
950 3475 1138 3552 simulataque
1150 3474 1273 3552 magnis

483 3579 628 3654 Pergama,
648 3587 678 3635 et
691 3588 818 3636 arentem
832 3577 943 3635 Xanthi
956 3579 1129 3656 cognomine
1142 3579 1236 3638 rivum

483 3678 649 3757 Adgnosco,
670 3681 811 3756 Scaeaeque
826 3680 982 3757 amplector
994 3681 1094 3739 lImina
1107 3692 1204 3758 portae.

484 3783 549 3842 Nec
563 3802 621 3841 non
634 3793 664 3841 et
675 3783 780 3841 Teucri
793 3783 867 3840 socia
882 3783 965 3840 simul
977 3785 1048 3842 urbe
1061 3784 1205 3843 fruuntur.

485 3885 552 3941 Illos
564 3886 720 3961 porticibus
733 3904 783 3942 rex
796 3886 957 3961 adcipiebat
970 3885 1000 3942 in
1014 3884 1132 3962 amplis:

485 3987 576 4043 Aulai
589 3987 619 4043 in
633 3987 728 4044 medio
741 3988 870 4044 libabant
881 3988 984 4063 pocula
998 3988 1112 4054 Bacchi

486 4088 617 4163 Inpositis
630 4107 700 4146 auro
713 4088 842 4165 dapibus,
863 4102 1029 4166 paterasque
1043 4092 1190 4148 tenebant.

524 4192 648 4268 ,lamque
661 4191 731 4258 dies,
751 4191 880 4266 alterque
896 4191 965 4259 dies,
986 4192 1116 4269 processit
1124 4218 1133 4263 3
1155 4202 1185 4249 et
1198 4210 1289 4250 aura.

485 4296 558 4353 Vela
572 4306 689 4364 vocant;
711 4295 881 4371 tumidoque
897 4295 1015 4353 inflatur
1028 4296 1159 4355 carbasus
1172 4298 1273 4355 austro.

486 4398 541 4456 His
554 4408 650 4456 vatem
663 4396 813 4473 adgredior
824 4397 916 4465 distis,
937 4416 970 4455 ac
984 4398 1051 4455 talia
1065 4399 1174 4474 quaeso:

485 4499 660 4579 Trojugeoa,
680 4500 820 4575 interpres
833 4500 940 4568 divom,
961 4501 1012 4575 qui
1027 4501 1146 4557 numina
1161 4501 1269 4571 Phoebi,

489 4604 550 4661 Qui
565 4604 700 4681 tripodas,
720 4601 809 4662 Clarii
822 4602 925 4670 lauros,
946 4603 996 4677 qui
1013 4604 1100 4660 sidera
1116 4603 1211 4674 l'cntis,

490 4706 526 4763 Et
540 4707 689 4765 voluerum
703 4707 825 4785 linguas,
845 4716 876 4763 et
888 4705 1021 4782 praepetis
1033 4705 1130 4764 omina
1143 4726 1255 4783 periure,
