3492 6884
593 1749 653 1804 234
853 1740 1130 1834 AENEIDos,
1286 1744 1392 1810 v.499.

596 1899 673 1956 Cum
686 1896 800 1954 stabulis
812 1907 940 1955 annenta
954 1897 1049 1955 trahit.
1077 1894 1147 1953 Vidi
1161 1893 1221 1971 ipse
1233 1893 1380 1952 furentem

596 1999 682 2058 Caede
696 1998 932 2075 Neoptolemum,
951 1999 1138 2076 geminosque
1150 1997 1183 2055 in
1197 1995 1300 2054 limine
1310 1993 1394 2053 Atri-

673 2101 736 2159 das:

596 2202 665 2261 Vidi
686 2204 847 2272 Hecubam,
874 2212 1048 2279 centumque
1068 2219 1164 2268 nurus,
1192 2199 1393 2274 Priamumque

674 2323 725 2382 per
736 2324 796 2362 aras

597 2406 742 2484 Sanguine
754 2408 921 2476 sedantem,
941 2425 1011 2482 quos
1023 2405 1083 2482 ipse
1096 2405 1261 2471 sacraverat,
1280 2401 1366 2480 ignis.

598 2509 819 2586 Quinquaginta
832 2509 876 2566 illi
890 2509 1018 2578 thalami,
1037 2509 1100 2586 spes
1110 2518 1189 2566 tanta
1204 2507 1357 2584 nepotum!

598 2611 749 2669 Barbarico
761 2611 851 2688 postes
863 2630 932 2668 auro
945 2610 1097 2688 spoliisque
1109 2610 1223 2686 superbi

599 2713 784 2769 Procubuere.
823 2713 938 2769 Tenent
949 2712 1055 2782 Danai,
1077 2713 1134 2788 qui
1147 2711 1244 2769 deficit
1256 2710 1341 2787 iguis.

637 2813 761 2870 Forsrtan
775 2822 814 2880 et,
835 2812 938 2871 Priami
951 2813 1060 2872 suerint
1073 2833 1138 2890 quae
1150 2815 1219 2882 sata,
1238 2813 1373 2891 requirar.

599 2914 687 2972 Urbis
699 2914 743 2971 uti
756 2925 846 2992 captae
858 2914 964 2984 casum,
984 2915 1172 2991 convolsaque
1185 2915 1259 2973 vidit
1403 2965 1405 2968 Α

599 3016 714 3076 Limina
728 3017 876 3086 tectorum,
897 3027 927 3075 et
939 3017 1067 3075 medinm
1080 3018 1112 3075 in
1125 3018 1319 3095 penetralibus
1330 3017 1395 3074 hos-

678 3128 736 3176 tem
741 3143 750 3190 3

600 3222 690 3278 Arma
703 3221 754 3279 diu
767 3220 860 3279 senior
872 3221 985 3279 desueta
999 3222 1187 3279 trementibus
1199 3241 1261 3280 aevo

599 3324 767 3382 Circnmdat
778 3323 971 3400 nequidquam
982 3324 1116 3391 humeris,
1129 3335 1159 3381 et
1172 3324 1277 3382 inutile
1287 3323 1395 3381 serrum

600 3425 744 3502 Cingitur,
765 3445 798 3483 ac
810 3426 910 3483 densos
921 3426 1012 3483 fertur
1024 3426 1178 3482 moriturus
1191 3425 1222 3483 in
1236 3425 1331 3483 hostis.

638 3528 764 3586 AEdibus
778 3529 808 3586 in
823 3529 933 3597 mediis,
953 3529 1087 3603 nudoque
1102 3528 1154 3585 sub
1167 3527 1280 3585 aetheris
1292 3547 1356 3597 axe,

600 3631 706 3707 Ingens
719 3650 766 3689 ara
779 3631 850 3700 suit;
868 3630 1009 3706 juxtaque
1022 3632 1170 3688 veterrima
1184 3631 1288 3698 laurus,

600 3733 772 3791 incumbens
786 3752 850 3801 arae,
869 3743 955 3808 atque
968 3733 1070 3790 umbra
1082 3733 1221 3809 conplexa
1235 3734 1363 3790 Penates.

601 3834 660 3892 Hic
673 3835 793 3892 Hecuba
806 3846 834 3893 et
848 3845 923 3893 natae
939 3835 1143 3911 nequidquam,
1163 3835 1263 3892 altaria
1276 3834 1395 3903 circum,

601 3937 761 4013 Praecipites
774 3940 834 3996 atri
847 3958 901 3996 ceu
914 3939 1078 4013 tempestate
1090 3939 1239 4006 columbas,

601 4039 769 4108 Condensae,
780 4049 809 4096 et
820 4041 916 4096 divom
930 4041 1069 4116 amplexae
1082 4040 1237 4108 srmulacrs,
1250 4040 1395 4099 sedebant.

601 4139 697 4215 Ipsum
712 4150 809 4197 autem
822 4140 922 4197 sumtis
934 4141 1079 4200 Priamum
1084 4140 1266 4218 juvenalibus
1279 4143 1363 4201 armis

601 4241 645 4299 Ut
657 4241 728 4298 vidit
734 4265 743 4311 ς
763 4240 839 4298 Quas
849 4260 930 4299 mens
941 4254 999 4301 tam
1010 4243 1081 4312 dira,
1095 4244 1250 4302 miserrime
1261 4243 1396 4321 conjunx,

601 4343 711 4420 Inpulit
724 4342 768 4400 his
780 4342 859 4420 cingi
875 4344 953 4402 telis?
975 4356 1024 4402 ant
1037 4365 1094 4421 quo
1106 4347 1180 4403 ruis?
1201 4347 1306 4422 inquit.

602 4446 671 4503 Nou
685 4445 735 4503 tali
749 4445 867 4514 auxilio,
888 4465 941 4503 nec
954 4447 1148 4504 defensoribus
1161 4448 1228 4516 istis,
1410 4513 1422 4531 .

601 4547 728 4625 Tempus
738 4558 817 4625 eget:
840 4567 908 4618 non,
919 4548 938 4606 si
950 4548 1009 4626 ipse
1020 4568 1099 4608 mens
1110 4569 1188 4608 nunc
1198 4552 1309 4610 adsoret
1319 4553 1397 4612 Hec-

681 4661 733 4709 tor.
