3492 6884
448 1747 558 1821 nano.
734 1750 850 1808 arn.
890 1750 942 1808 rv.
1181 1753 1244 1827 ἠρ
1311 1811 1313 1816 ,

450 1899 537 1962 Unde
549 1914 630 1981 pater
642 1903 805 1973 Tiberinus,
825 1916 855 1962 et
870 1906 946 1962 unde
958 1906 1073 1964 Aniena
1086 1907 1206 1978 fluenta,

450 2007 644 2084 saxosumque
656 2007 757 2065 sonans
770 2007 911 2083 Hypanis,
932 2008 1088 2085 Mysurque
1100 2011 1216 2081 Caicus,

448 2109 488 2166 Et
501 2092 743 2185 gemina'aumtua
757 2110 870 2167 taurino
883 2129 988 2168 cornua
1001 2111 1081 2169 voltu

449 2212 591 2270 Eridanus
596 2235 605 2283 ;
626 2231 685 2288 quo
697 2232 755 2270 uon
769 2211 841 2270 alius
853 2231 904 2288 per
918 2212 1038 2289 pinguia
1051 2214 1130 2272 culta

449 2314 485 2373 In
498 2333 577 2374 mare
589 2333 764 2392 purpureum
775 2314 929 2373 violentior
941 2314 1036 2372 effluit
1048 2316 1150 2374 amnia.

488 2417 637 2493 Postquam
646 2417 724 2475 estin
733 2416 863 2487 thalami,
872 2417 1027 2494 pendentia
1037 2418 1161 2495 pumioe,
1170 2420 1244 2481 testa

449 2519 630 2588 Perventum,
649 2530 679 2576 et
692 2518 774 2596 gnati
786 2519 871 2577 fletus
884 2519 1018 2596 cognovit
1030 2520 1130 2579 inanes

448 2622 575 2698 Cyreu03
596 2622 728 2681 manibus
740 2622 863 2697 liquidos
877 2623 946 2680 dant
959 2622 1059 2681 ordine
1072 2623 1161 2682 sontis

448 2724 610 2793 Germana,
631 2727 772 2801 tonusque
785 2725 882 2783 femnt
893 2726 1031 2784 mantelia
1041 2726 1128 2785 villis.

448 2828 514 2885 Para
526 2827 618 2903 epulis
630 2837 751 2886 onerant
762 2827 883 2899 mensas,
903 2840 933 2887 et
946 2830 1031 2906 plena
1043 2837 1187 2906 reponunt

445 2930 566 3002 'Pocula3
588 2930 733 2989 Panchaia
745 2930 910 2989 adolescunt
927 2930 1042 3009 ignibus
1054 2950 1125 2989 araez

447 3033 485 3090 Et
499 3042 599 3101 mater,
618 3035 698 3109 Cape
710 3033 830 3091 Maeonii
843 3033 982 3092 carchefia
995 3033 1114 3106 Bacchi3

403 3179 406 3184 «
447 3135 565 3194 Oceano
576 3135 708 3204 libemus,
728 3136 779 3195 ait.
804 3136 909 3193 ‚Simul
923 3135 982 3212 ipsa
995 3146 1127 3218 precatur

447 3238 655 3313 Oceanumque
662 3248 773 3314 patrem
783 3256 887 3307 rerum,
899 3239 1108 3316 Nymphasque
1117 3239 1233 3313 sorores,

439 3340 575 3398 'Centum
588 3360 652 3416 quae
665 3341 753 3408 silvas,
766 3351 884 3398 centum
893 3361 958 3416 quae
971 3342 1102 3411 flumina,
1114 3342 1225 3401 servant
1230 3368 1241 3415 3

446 3443 506 3500 Ter
518 3441 628 3519 liquido
641 3443 789 3500 ardentem
801 3443 929 3518 perfudit
941 3444 1054 3502 nodare
1066 3444 1180 3503 Vestam
1185 3469 1195 3516 3

445 3544 505 3603 Te'r
517 3545 633 3602 flamma
645 3545 681 3602 ad
694 3543 838 3603 summum
851 3545 917 3603 teeti
931 3545 1054 3622 subjeda
1065 3546 1181 3606 reluxit.

445 3646 554 3706 Omine
567 3666 624 3723 quo
638 3648 754 3705 firmans
766 3646 906 3715 animum,
920 3648 958 3705 src
971 3648 1074 3725 incipit
1086 3648 1161 3727 ipsa:

485 3748 532 3807 Est
544 3749 576 3807 in
590 3747 746 3825 Carpathio
759 3749 891 3826 Neptuni
904 3750 1021 3827 gurgite
1033 3760 1121 3819 vater,

446 3852 593 3910 Caeruleua
605 3853 731 3921 Proteus,
750 3871 890 3929 maguum
903 3852 954 3929 qui
966 3852 1090 3930 piscibus
1101 3867 1199 3931 equor

435 3951 484 4015 Et
492 3953 592 4031 juneo
604 3955 743 4033 bipedum
755 3973 841 4013 curru
853 3954 974 4013 metitur
985 3974 1133 4032 equorum.

445 4059 505 4117 Hic
518 4077 595 4116 nunc
609 4058 750 4117 Emathiae
761 4067 868 4135 portus,
887 4059 1065 4135 patriamque
1078 4060 1174 4119 revifit

446 4161 596 4219 Pallenen:
617 4161 695 4219 huuc
710 4169 740 4218 et
754 4161 900 4237 Nymphae
913 4171 1089 4232 veneramur,
1107 4173 1139 4222 et
1149 4163 1210 4243 ipse

446 4264 622 4321 Grandaevue
633 4264 760 4334 Nereus,
782 4264 865 4321 novit
878 4282 1002 4340 namque
1013 4265 1110 4324 omnia
1122 4276 1211 4336 vater,

431 4367 522 4424 τουπ
535 4365 599 4437 lint,
619 4384 683 4442 quar
697 4366 814 4436 fuerint,
835 4385 899 4443 quae
909 4386 980 4425 mox
993 4378 1112 4427 ventura
1125 4369 1242 4428 trahan-

523 4478 584 4540 lur5

446 4571 565 4649 Quippe
577 4572 619 4629 ita
632 4571 772 4649 Neptuno
784 4572 877 4631 visum
889 4574 938 4644 est,
957 4572 1086 4632 inmania
1099 4571 1180 4649 cujus

444 4676 595 4743 Armenta,
614 4685 644 4731 et
657 4675 747 4752 turpia
759 4675 850 4752 pascit
862 4675 913 4734 sub
926 4676 1042 4754 gurgite
1054 4675 1169 4754 phocae.
