3492 6884
428 1762 539 1816 mm.
737 1756 836 1817 LIB.
876 1757 932 1818 111.
1169 1765 1226 1816 235

433 1911 604 1971 Excutimur
614 1911 706 1983 cursu,
727 1923 758 1972 et
769 1912 852 1972 oncis
862 1932 989 1973 erramus
997 1912 1030 1972 in
1042 1913 1136 1972 undis.

433 2013 497 2090 Ipse
509 2014 587 2072 diem
599 2015 768 2091 nodemque
781 2028 868 2094 negat
880 2016 1039 2075 disoemere
1052 2017 1133 2085 ooelo,
1239 2074 1243 2083 ,

433 2115 499 2173 Nec
512 2116 671 2176 meminisse
684 2118 738 2176 viae
750 2120 846 2178 medii
859 2120 1008 2179 Palinurus
1019 2118 1051 2177 in
1064 2120 1150 2177 undd.

432 2218 500 2278 Tris
512 2221 593 2290 adeo,
612 2221 735 2280 incertos
747 2225 822 2281 cased
834 2222 967 2300 ealigine,
987 2220 1059 2280 soles

433 2323 567 2381 Erramus
579 2323 680 2401 pelago
685 2319 701 2396 ἶ
716 2324 837 2384 totidem
850 2325 910 2384 tine
923 2325 1012 2383 sidere
1025 2324 1137 2382 nodet:
1239 2378 1242 2384 .

435 2425 548 2484 Quarto
561 2435 635 2484 terra
647 2426 695 2484 die
707 2426 835 2502 primum
849 2426 878 2485 se
889 2426 1026 2486 adtollere
1039 2426 1157 2485 tandem

424 2527 516 2598 ¹Visa;
538 2528 647 2604 aperire
658 2528 758 2606 procul
771 2528 888 2597 montis,
907 2548 940 2588 ac
953 2527 1065 2588 volvere
1078 2522 1203 2589 sunium.
1265 2554 1275 2578 ·

432 2629 505 2687 Vela
518 2631 639 2702 oadnnt3
653 2630 739 2688 remis
749 2630 935 2708 insurgimus:
949 2630 1026 2690 haud
1034 2649 1123 2701 mora,
1133 2640 1230 2690 nautae
1338 2671 1342 2679 .

433 2730 547 2789 Adnixi
561 2743 695 2807 torquent
707 2731 829 2809 spumas,
848 2743 878 2790 et
891 2732 993 2791 ooerula
1005 2742 1131 2792 remant.

473 2834 623 2892 Servatum
635 2852 672 2893 ex
684 2834 779 2902 undis,
798 2834 990 2913 Strophadum
1005 2853 1052 2893 me
1068 2835 1153 2895 litora
1169 2833 1229 2913 pri·

550 2955 633 2994 mum

434 3036 596 3116 Adcipiunt
602 3063 612 3111 3
633 3038 803 3115 Strophades
815 3038 905 3098 Graio
917 3040 990 3099 stant
1007 3040 1124 3100 nomine
1137 3040 1229 3110 diue,

433 3139 538 3198 Insulae
551 3140 634 3199 Ionio
646 3140 678 3198 in
690 3159 809 3219 magno:
831 3160 902 3217 quas
915 3141 975 3200 dira
988 3139 1114 3212 celsano,

434 3242 628 3320 Harpyiaeque
639 3243 739 3302 colunt
751 3244 825 3312 aliar,
833 3293 837 3308 .
845 3243 964 3303 Phineia
978 3243 1126 3321 postquam

434 3346 537 3405 Clausa
551 3348 661 3417 domus,
680 3346 847 3423 mensasque
860 3358 940 3407 metu
953 3348 1062 3424 liquere
1073 3347 1188 3424 priores.

432 3448 554 3507 Tristius
566 3449 644 3508 haud
657 3448 715 3507 illis
727 3450 894 3517 monstrum,
914 3468 967 3507 nec
981 3450 1079 3509 saevior
1091 3450 1152 3508 nlla

433 3551 528 3619 Pestis,
546 3562 576 3609 et
590 3552 631 3609 ira
644 3552 740 3619 deum,
761 3552 868 3629 Stygiis
880 3550 937 3609 sese
949 3551 1054 3610 extulit
1065 3553 1160 3610 undis.

433 3653 566 3731 Virginei
578 3655 726 3712 volnerum
739 3654 841 3724 voltus,
860 3652 1011 3711 fu‘diffima
1023 3653 1130 3712 ventris

434 3755 586 3823 Proiumes,
606 3774 743 3832 uncaeque
756 3773 868 3825 manus,
887 3766 917 3813 et
929 3755 1035 3833 pallida
1047 3755 1159 3833 semper

434 3858 494 3915 Ora
507 3857 593 3916 same.

473 3961 541 4019 Huc
553 3961 604 4019 ubi
617 3959 705 4032 delati
717 3969 814 4038 portus
825 3959 1006 4032 intravimus,
1025 3962 1106 4019 eccos

434 4065 514 4122 Laeta
528 4066 616 4123 mum
629 4063 727 4140 paffim
739 4063 849 4140 campis
861 4075 990 4126 armenta
1007 4065 1146 4138 videmus,

435 4165 687 4243 Caprigenstmqne
703 4184 798 4243 pecus,
818 4165 900 4224 nullo
912 4166 1036 4238 custode,
1056 4187 1107 4245 per
1118 4168 1230 4230 herbas.

433 4269 579 4327 Inruimus
593 4268 682 4337 ferro;
703 4276 734 4325 et
746 4266 835 4338 divos,
854 4250 1005 4345 ipsumque
1017 4288 1151 4328 vocamus

434 4371 470 4428 In
482 4380 594 4448 partem
605 4370 788 4447 praedamque
800 4370 914 4447 Jovem.
952 4369 1032 4430 Tum
1044 4370 1128 4432 litore
1140 4390 1228 4430 curvo

433 4472 665 4548 Exstruimusqoe
678 4481 761 4542 toros,
772 4470 946 4549 dapibusque
957 4472 1106 4549 epulamur
1114 4473 1227 4551 opimis.

435 4576 478 4633 At
490 4574 591 4634 subitae
602 4572 736 4632 horrifioo
748 4573 829 4650 lapsu
841 4574 877 4631 de
890 4574 1036 4632 montibus
1048 4573 1151 4633 adsunt

435 4676 581 4754 Harpyiae,
599 4685 630 4734 et
641 4674 755 4753 magnit
766 4674 902 4753 quatiunt
913 4674 1093 4753 clangoribus
1106 4677 1162 4736 slat
1169 4701 1180 4748 5
