3492 6884
449 1766 555 1832 v.737.
766 1760 865 1818 ΜΒ.
905 1761 930 1818 1.
1188 1768 1245 1820 213

450 1916 602 1994 Primaque
615 1915 738 1975 libatum
751 1916 863 1975 summo
877 1927 959 1975 tenus
971 1916 1075 1993 adtigit
1088 1936 1146 1976 ore.

450 2022 529 2078 Turn
542 2020 625 2078 Bitiae
638 2020 718 2078 dedit
730 2020 917 2098 increpitans:
939 2020 989 2078 ille
1001 2020 1115 2097 inpiger
1127 2020 1220 2080 haufit

452 2126 639 2201 Spumantem
650 2133 788 2201 pateram,
808 2134 837 2181 et
850 2125 935 2200 pleno
946 2124 974 2182 se
987 2123 1093 2200 proluit
1107 2144 1188 2182 auro:

453 2228 515 2285 Pon
528 2226 577 2283 alii
590 2245 728 2303 proceres.
767 2225 887 2283 eithara
899 2225 1019 2284 crinitus
1033 2227 1114 2303 Iopas

453 2328 586 2386 Personat
599 2329 707 2398 aurati,
728 2327 827 2385 docuit
840 2346 927 2404 quem
940 2347 1092 2387 maxumus
1104 2328 1196 2386 Atlas.

455 2430 513 2488 Hic
526 2430 606 2488 canit
618 2441 760 2488 errantem
772 2430 881 2499 lunam,
902 2428 1024 2505 solisque
1036 2430 1158 2501 laborem

455 2533 542 2591 Unde
562 2532 715 2590 hominum
735 2550 835 2609 genus,
855 2542 885 2590 et
902 2533 1025 2608 pecudes
1030 2557 1040 2604 5
1062 2533 1139 2592 unde
1148 2533 1253 2610 imber,

533 2643 564 2692 et
577 2634 672 2711 ignem

457 2738 623 2806 Aritumrm
642 2737 810 2815 pluviasque
827 2737 954 2814 Hyadas,
976 2738 1161 2817 geminosque
1170 2738 1256 2800 Trio·

534 2858 601 2897 nes:

456 2941 539 3000 Quid
552 2950 665 2998 tanturn
678 2940 796 2999 Oceano
811 2950 965 3019 properent
977 2941 1006 3000 se
1019 2943 1152 3021 tinguere
1164 2945 1236 3005 solea

456 3043 592 3112 Hibemi,
605 3042 650 3101 rel
664 3061 729 3118 qnae
741 3043 828 3101 tardis
841 3062 920 3101 mora
934 3044 1063 3104 metibus
1076 3046 1177 3106 obstet.

456 3144 642 3224 Ingeminant
654 3144 755 3222 plausu
768 3145 860 3221 Tyrii,
879 3146 1024 3222 Troesque
1037 3147 1203 3227 sequuntur.

496 3249 561 3307 Nec
575 3266 631 3306 non
645 3258 675 3304 et
687 3245 767 3304 vario
780 3246 892 3305 nobtem
907 3247 1035 3307 sermone
1049 3250 1179 3309 trahebat

457 3351 566 3411 Infelix
579 3349 666 3419 Dido,
686 3349 862 3425 longumque
877 3348 993 3407 bibebat
1006 3370 1148 3424 amorem

458 3453 555 3512 Multa
565 3451 648 3529 super
658 3449 768 3509 Priamo
780 3451 914 3529 rogitans,
926 3452 1010 3529 super
1019 3456 1143 3516 Hedore
1152 3459 1256 3518 multoz

458 3557 558 3624 Nunc,
580 3553 684 3630 quibus
697 3555 818 3611 Aurorae
830 3553 947 3615 veniffet
960 3555 1037 3615 filius
1049 3559 1150 3632 armia3

458 3661 557 3727 Nunc,
567 3657 664 3734 quales
672 3654 822 3715 Diomedis
831 3656 899 3733 equi
904 3681 913 3726 5
928 3676 1014 3727 nunc,
1024 3670 1148 3736 quantur
1155 3663 1257 3722 Achil·

449 3773 452 3779 '
537 3761 587 3820 les.

460 3867 555 3925 Immo
568 3880 631 3940 age,
651 3867 681 3919 et
694 3879 710 3919 a
722 3858 815 3937 prima
830 3859 887 3929 dic,
900 3860 1011 3939 hospes,
1023 3863 1134 3941 origine
1147 3868 1231 3930 nobis

460 3966 589 4034 Infidiaa,
609 3963 714 4040 inquit,
734 3963 880 4031 Danaitm,
899 3963 1035 4042 nasusque
1048 3977 1175 4039 tuorum,

462 4072 634 4144 Erroresque
646 4075 724 4124 tuoe:
749 4083 817 4123 nam
830 4074 859 4123 te
869 4063 932 4142 jam
944 4065 1063 4144 septima
1076 4080 1171 4147 portat

462 4171 607 4243 Omnibus
619 4177 761 4230 errantem
774 4167 865 4238 tenir,
884 4177 914 4228 et
926 4168 1069 4245 fluetibus,
1088 4174 1175 4237 aestar.
