3492 6884
470 1755 525 1814 13⁶
782 1751 808 1814 C
822 1757 835 1813 l
850 1756 875 1814 R
890 1759 903 1815 l
917 1759 944 1816 S.
1157 1773 1184 1814 v.
1196 1764 1263 1816 m.

466 1909 618 1969 Paullatim
631 1913 817 1972 tremebunda
829 1914 910 1991 genie
922 1912 1064 1970 obducere
1076 1911 1181 1970 vestem

466 2012 604 2091 Virginis,
617 2023 654 2100 pt
666 2016 807 2093 placidam
820 2016 943 2076 tenebris
955 2025 1068 2093 captare
1080 2014 1217 2091 quietem,

466 2115 583 2174 Inverso
595 2117 727 2177 bibulum
740 2120 915 2195 restinguens
928 2118 1026 2175 lumen
1038 2116 1124 2185 olivo,

466 2217 575 2294 Incipit
578 2243 588 2290 3
609 2220 645 2277 ad
658 2222 768 2277 crebros
780 2220 873 2279 insani
885 2219 1005 2297 pectoris
1017 2218 1089 2276 icius

466 2319 551 2378 Ferre
564 2339 691 2389 manum,
710 2322 832 2382 adfidnis
843 2322 972 2380 mulcens
984 2320 1138 2397 praecordia
1151 2319 1262 2397 palmis.

505 2422 631 2480 Nollem
642 2423 723 2481 illam
735 2423 772 2481 fic
782 2423 878 2481 maella
889 2423 971 2499 super
981 2422 1127 2480 morientis
1140 2423 1264 2481 alumna

421 2526 424 2532 '
466 2523 628 2600 Frigiduloo
640 2524 739 2582 cubito
752 2525 872 2582 subnixa
886 2524 1022 2602 pependit
1034 2524 1148 2582 ocellos.

466 2625 577 2683 Postera
590 2626 643 2684 lux
657 2626 707 2685 ubi
719 2626 783 2684 laeta
796 2626 876 2684 diem
889 2626 1056 2684 mortalibus
1067 2628 1186 2698 almum,
1200 2641 1213 2669 ⁰

466 2726 505 2784 Et
518 2727 614 2802 gelido
626 2727 742 2785 veniens
754 2728 833 2786 mani
846 2728 994 2805 quatiebat
1007 2731 1043 2786 ab
1056 2729 1146 2800 (Eu,

467 2828 566 2886 Quem
575 2828 686 2904 pavide
696 2829 812 2888 alternis
822 2829 959 2906 fugitant,
970 2838 1136 2907 optantque,
1146 2830 1263 2907 puellm

465 2928 639 3007 Hesperium
650 2931 751 3002 vitant,
771 2940 872 3009 optant
884 2931 1025 2990 ardescere
1038 2932 1132 2991 Solem
1137 2957 1146 3003 ς

466 3031 615 3110 Praeccptir
627 3041 708 3110 paret
719 3032 801 3110 virgo
813 3032 941 3102 nutricio,
961 3041 992 3091 et
1004 3033 1097 3090 omnir

466 3133 605 3210 Undique
617 3134 760 3211 oooqnirit
773 3135 898 3192 nubendi
913 3134 1008 3192 sedula
1020 3134 1136 3194 cantiae.

465 3236 628 3295 Teutantur
639 3235 739 3314 patriae
751 3235 889 3294 submiffis
902 3236 1019 3295 vocibus
1032 3256 1122 3307 auree,

382 3383 383 3387 ,
465 3338 688 3414 Laudenturque
699 3339 782 3396 bouae
794 3338 871 3414 pacis
884 3340 974 3409 bona;
995 3338 1104 3396 multus
1116 3337 1222 3416 ineptae

465 3438 595 3516 Virginis
609 3438 723 3497 insolito
737 3439 827 3497 sermo
840 3458 930 3497 novus
943 3439 1060 3497 erratio
1074 3459 1132 3498 ore.

462 3539 554 3598 Nunc
568 3548 688 3599 tremere
700 3541 830 3598 instantio
843 3541 913 3599 belli
925 3542 1082 3599 certamina
1095 3542 1175 3609 dicit,

466 3643 716 3718 Communemque
734 3643 833 3700 timere
849 3643 951 3711 deum3
973 3662 1049 3700 nunc
1063 3643 1137 3718 regis
1150 3644 1265 3712 amicos,

467 3744 617 3819 (Namque
630 3744 690 3820 ipso
702 3743 791 3802 verita
804 3743 844 3801 est
856 3743 950 3802 orbari
962 3744 1055 3801 maesta
1069 3746 1199 3821 parente)

466 3845 544 3902 Cum
555 3845 628 3922 Jove
640 3843 800 3946 communis
812 3843 862 3919 qui
876 3845 1020 3919 quondam
1037 3844 1163 3903 habuere
1176 3865 1264 3923 nepo

544 3954 602 4018 ἰαὶ

466 4048 556 4105 Nunc
568 4048 657 4106 etiam
670 4047 791 4105 confina
805 4047 871 4105 dolo
884 4046 1031 4104 mendacia
1045 4048 1123 4125 turpi

466 4150 590 4219 Invenit,
609 4158 640 4207 et
652 4149 752 4206 divtlm
766 4160 852 4206 terret
864 4147 1018 4206 formidine
1031 4149 1115 4222 civis,

465 4252 554 4309 Nunc
566 4250 621 4308 alia
634 4269 671 4308 ex
684 4249 756 4320 aliis,
776 4268 828 4308 nec
841 4249 953 4320 desunt,
972 4251 1070 4308 omina
1083 4254 1194 4328 quaen't.

466 4351 549 4410 Quin
561 4352 649 4410 etiam
663 4352 750 4409 caslon
762 4350 828 4409 ausa
840 4351 881 4409 est
893 4370 1079 4428 conrumpere
1091 4365 1184 4411 vates:

465 4455 519 4522 Ut,
536 4472 605 4512 curu
617 4453 687 4511 ooesa
701 4453 749 4530 pio
761 4452 904 4512 oecidillet
916 4452 1033 4511 victima
1046 4454 1131 4525 ferro,

464 4555 571 4626 Effent,
590 4554 641 4631 qui
653 4573 791 4633 generum
803 4555 906 4613 Minoa
917 4554 1078 4614 auctoribus
1091 4558 1164 4615 extis

462 4657 599 4736 Jungere,
618 4666 649 4717 et
661 4656 799 4736 ancipites
811 4656 962 4716 suaderent
974 4657 1073 4717 tollere
1086 4679 1207 4737 pugnas.
1318 4717 1335 4748 ι
