3492 6884
547 1667 585 1719 aa
778 1657 1080 1725 Buconica,
1255 1667 1344 1731 ap„

547 1822 667 1899 Pignora
682 1841 746 1880 cara
760 1821 817 1879 sui:
838 1843 903 1899 quae
917 1842 993 1881 nunc
1006 1841 1061 1898 ego
1073 1819 1174 1879 limine
1186 1820 1297 1897 inipso,

546 1925 645 1992 Terra,
667 1924 720 1983 tibi
733 1927 851 1983 mando:
875 1926 979 1982 debent
992 1925 1053 1982 haac
1066 1925 1184 2001 pignora
1196 1922 1343 1999 Daphnin.

546 2026 652 2083 Ducite
678 2028 714 2084 ab
739 2028 810 2084 urbe
836 2027 963 2095 domum,
995 2045 1059 2083 mea
1084 2026 1219 2094 cannina,
1245 2024 1342 2082 ducite

623 2128 771 2204 Daphnin.
1272 2133 1289 2168 ⁰

547 2231 607 2289 Har
621 2231 730 2299 herbas,
750 2240 836 2305 atque
848 2231 910 2288 haec
925 2232 1013 2288 Ponto
1026 2229 1099 2287 mihi
1112 2229 1184 2286 ledia
1197 2246 1316 2296 venena,

546 2332 610 2409 Ipse
623 2333 702 2390 dedit
714 2333 828 2391 Moeris:
852 2332 1006 2389 nascuntur
1018 2330 1140 2408 plurima
1154 2332 1253 2388 Ponto.

546 2434 601 2491 Hia
614 2453 668 2509 ego
682 2434 754 2509 saepe
766 2433 866 2509 lupum
880 2432 952 2502 fieri,
971 2433 1040 2489 etse
1053 2433 1173 2489 condere
1187 2430 1262 2488 silvis

547 2535 664 2602 Moerin,
685 2535 755 2609 sape
768 2534 877 2590 animas
890 2534 955 2590 imis
968 2535 1063 2591 excire
1076 2533 1219 2609 sepulcris,

546 2638 644 2710 Atque
658 2634 729 2692 satas
742 2634 799 2691 alio
812 2634 871 2691 vidi
885 2635 1031 2691 traducere
1044 2634 1144 2691 meffia.

547 2736 655 2794 Ducite
680 2737 717 2792 ab
742 2737 822 2792 urbe.
838 2735 965 2804 domum,
994 2754 1057 2792 mea
1081 2735 1217 2803 carmina,
1244 2734 1342 2791 ducite

622 2835 770 2913 Daphnin.

546 2941 599 2997 Fer
611 2938 729 3007 cineres,
749 2937 903 3014 Amarylli,
924 2937 1008 3006 foras,
1029 2936 1147 3013 rivoque
1159 2935 1262 2994 fluenti

546 3044 695 3116 Tranaque
720 3052 805 3116 caput
826 3038 890 3115 jace
897 3063 906 3109 i
937 3057 989 3095 nec
1016 3038 1187 3114 respexeris:
1221 3037 1266 3095 hia
1285 3056 1340 3114 ego

625 3140 762 3218 Daphnin

546 3243 722 3321 Adgrediar:
745 3241 817 3299 nihil
832 3240 882 3299 iile
892 3242 968 3310 deos,
989 3239 1029 3296 nil
1043 3239 1178 3308 carmina,
1190 3250 1280 3297 curat.

545 3346 651 3404 Ducite
674 3346 711 3402 ab
736 3345 806 3401 urbe
831 3345 959 3412 domum,
992 3360 1056 3399 mea
1082 3341 1218 3411 carmina,
1244 3342 1344 3400 ducite

621 3445 769 3524 Daphnin.

584 3551 721 3627 Adspice:
743 3547 886 3624 conripuit
900 3544 1026 3603 tremulis
1039 3542 1138 3602 altaria
1151 3544 1274 3601 flammis

546 3655 651 3729 Sponte
660 3652 717 3718 sui,
728 3651 796 3707 dum
806 3649 879 3704 serre
887 3665 990 3715 moror,
998 3645 1069 3703 cinis
1080 3646 1147 3722 ipse.
1168 3647 1281 3703 Bonum
1289 3646 1341 3703 siti

546 3753 652 3812 Nescio
665 3752 735 3827 quid
748 3759 824 3806 certe
837 3748 877 3805 est
884 3773 894 3818 3
920 3757 949 3803 et
963 3748 1060 3824 Hylax
1074 3747 1104 3804 in
1118 3746 1219 3804 limine
1232 3746 1326 3807 latrat.

546 3853 712 3914 Credimus?
734 3869 779 3920 an,
788 3849 838 3925 qui
850 3858 957 3917 amant,
965 3848 1016 3924 ipsr
1027 3847 1077 3906 nbi
1089 3847 1196 3905 somnia
1205 3848 1343 3925 fingunt?

547 3954 665 4022 Parcite,
692 3953 729 4009 ab
758 3953 829 4010 urbe
860 3951 948 4017 venit,
970 3948 1032 4026 jam
1057 3948 1172 4026 parcite,
1204 3951 1344 4021 carmina,

625 4051 762 4130 Daphnis.
