3492 6884
468 1763 496 1805 v.
507 1746 575 1807 416.
772 1749 872 1808 LIB.
913 1749 967 1806 lll.
1210 1750 1267 1809 26³

470 1902 623 1962 Diffiluisse
636 1904 742 1972 serunt,
761 1925 853 1981 quum
865 1916 1001 1983 protenus
1014 1914 1134 1983 utraque
1147 1904 1231 1963 tellus

469 2005 538 2063 Una
552 2006 641 2064 soret:
664 2006 744 2064 yenit
756 2008 852 2066 medio
866 2009 894 2065 ui
908 2020 1021 2085 pontus,
1041 2020 1071 2066 et
1084 2008 1170 2067 undis

470 2106 644 2184 Hesperium
653 2108 749 2167 Siculo
761 2109 835 2168 latus
846 2111 982 2182 abl'cidit3
996 2130 1129 2188 arvaque,
1141 2122 1172 2169 et
1182 2110 1271 2196 urhis,

395 2279 397 2283 λ
472 2208 570 2268 Litore
583 2211 721 2279 diductas,
742 2214 861 2289 angusto
873 2214 1003 2272 interluit
1015 2214 1092 2271 aetlu.

471 2311 616 2370 Dextrum
628 2314 721 2390 Scylla
734 2315 817 2384 latus,
832 2315 936 2373 laevum
948 2316 1091 2393 inplacata
1103 2314 1274 2392 Charybdis,

473 2415 608 2483 Obsrdet;
631 2427 717 2492 atque
730 2416 791 2474 imo
803 2417 931 2475 barathri
946 2428 988 2475 ter
1005 2418 1120 2495 gurgite
1134 2417 1224 2475 vastos

473 2518 575 2576 Sorbet
587 2518 619 2576 in
633 2521 788 2596 abruptum
802 2520 915 2590 fluetus,
936 2520 1087 2595 rursusque
1101 2519 1153 2577 sub
1166 2538 1248 2578 auran

474 2620 568 2698 Erigit
582 2620 715 2690 alternos,
735 2631 766 2679 et
779 2622 867 2680 srdera
881 2624 1010 2680 verberat
1022 2624 1111 2682 uadi.

473 2726 517 2782 At
530 2724 661 2801 Scyllam
668 2724 749 2782 caecis
762 2724 879 2783 cohibet
892 2724 1025 2801 spelunca
1038 2724 1165 2795 latebris,

473 2826 534 2886 Ora
547 2825 748 2898 exsertantem,
768 2838 797 2884 et
811 2828 891 2908 navis
903 2825 935 2884 in
952 2826 1016 2884 saxa
1030 2827 1201 2886 trahentem.

474 2929 567 2988 Prima
581 2929 707 2988 hominia
720 2929 816 3002 facies,
836 2939 866 2987 et
879 2929 1001 3008 pulchro
1017 2930 1130 3006 pectore
1143 2931 1225 3007 virgo

475 3032 553 3090 Pube
566 3041 663 3090 tenus:
686 3032 823 3109 postrema
837 3032 948 3091 inmani
961 3051 1077 3109 corpore
1090 3031 1200 3110 pistrix,
1237 3070 1240 3076 -

475 3135 655 3213 Delphinum
668 3137 772 3195 caudas
784 3148 867 3195 utero
880 3136 1015 3195 conmissa
1029 3137 1171 3214 luporum.

476 3238 590 3297 Praellat
602 3238 745 3297 Trinacrii
760 3249 851 3297 metas
864 3239 981 3297 lustrare
994 3238 1122 3316 Pachyni
1217 3314 1219 3318 ἲ

475 3340 648 3409 cessantem,
668 3342 769 3418 longos
781 3355 812 3399 et
824 3341 1048 3400 circumflectere
1061 3340 1167 3408 cursus,

478 3444 576 3501 Quam
591 3443 678 3501 semel
692 3445 846 3502 informem
861 3445 940 3502 vasto
953 3444 1052 3502 vidisse
1065 3444 1118 3501 sub
1131 3456 1214 3502 antro

479 3545 614 3622 Scyllam,
634 3556 665 3603 et
678 3546 806 3604 caeruleis
819 3546 938 3604 canibus
951 3546 1110 3605 resonantia
1123 3545 1199 3605 saxa.

478 3649 624 3717 Praeterea,
645 3647 665 3706 sr
678 3668 735 3724 qun
748 3649 788 3706 est
801 3650 915 3707 Heleno
927 3648 1088 3726 prudentia,
1108 3647 1169 3706 vati

478 3749 507 3808 si
521 3770 577 3827 qua
591 3751 671 3819 fides,
690 3752 820 3809 animum
835 3751 854 3809 sr
868 3751 942 3809 veris
955 3751 1046 3828 inplet
1060 3751 1181 3827 Apollo;

477 3852 580 3910 Unum
590 3853 662 3911 illud
677 3852 741 3921 tibi,
755 3863 821 3911 nate
831 3854 894 3922 deu,
908 3872 1024 3930 praeque
1033 3853 1168 3911 omnibus
1178 3873 1280 3923 unum,

478 3956 643 4024 Praedicam,
663 3967 693 4014 et
706 3966 836 4034 repetens
852 3957 1017 4033 iterumque
1035 3957 1200 4035 iterumque
1217 3978 1280 4017 mo·

558 4060 649 4117 neboz

478 4162 601 4239 Junon'n
614 4180 727 4238 magnae
740 4160 867 4238 primum
880 4180 965 4238 prece
978 4180 1086 4222 numen
1100 4165 1201 4235 adora,

479 4263 589 4341 Junoni
602 4283 673 4322 cane
686 4275 751 4322 vota
764 4263 867 4334 libens,
887 4264 1093 4342 dominamque
1105 4276 1260 4343 potentem

481 4365 661 4444 Supplicibus
673 4366 773 4443 supera
786 4366 881 4424 donis:
905 4367 942 4424 src
954 4367 1079 4443 denique
1091 4368 1182 4426 victor

479 4469 630 4529 Trinacrii
645 4468 709 4526 finis
721 4468 808 4527 ltaloa
821 4468 936 4527 mittere
949 4468 1056 4527 relielh.

481 4573 550 4630 Huc
563 4570 614 4630 ubi
628 4570 738 4630 delatus
751 4571 903 4629 Cumaeam
917 4571 1063 4629 adcesseria
1080 4574 1192 4641 urbem,

483 4674 662 4751 Divinosque
675 4674 763 4746 lacus,
782 4684 812 4733 et
826 4676 942 4734 Averna
953 4673 1083 4733 sonantia
1097 4673 1186 4747 silvie,
1261 4727 1263 4731 .
