3492 6884
541 1787 599 1842 tat
771 1780 1099 1852 GEORGICON,
1225 1788 1334 1855 mod.

540 1934 738 2012 Invalidasque
750 1936 804 1995 tibi
818 1940 948 2009 tendens,
966 1937 1038 1997 heul
1058 1956 1117 1996 nnn
1130 1945 1189 2007 tua,
1206 1936 1326 2015 palmae.

538 2036 633 2107 Dixit,
652 2049 682 2097 et
694 2057 732 2097 ex
744 2039 835 2097 octrlis
847 2040 951 2109 subito,
969 2059 1023 2098 ceu
1035 2040 1132 2098 summ
1143 2038 1176 2097 in
1188 2055 1270 2097 auran

537 2140 710 2199 Conmixtun
723 2141 826 2210 tenuia,
845 2141 924 2219 fugit
935 2140 1059 2212 diversa;
1080 2159 1174 2217 neque
1185 2140 1280 2210 illum,

537 2241 720 2301 Prensantem
737 2242 932 2319 nequidquam
945 2246 1068 2313 umbras,
1087 2253 1117 2302 et
1130 2243 1222 2302 multa
1233 2242 1332 2302 volen-

613 2352 674 2402 tem

535 2440 649 2516 Dicere,
669 2454 803 2523 praeterea
814 2447 889 2506 vidit
894 2472 903 2518 ς
924 2466 978 2505 nec
990 2446 1111 2524 portitor
1123 2446 1195 2506 Orci

535 2546 671 2624 Amplius
682 2547 823 2624 objeilam
835 2547 927 2625 patina
940 2548 1056 2607 tranfire
1066 2549 1209 2626 paludem.

536 2647 618 2706 Quid
632 2649 752 2707 faceret?
773 2668 830 2726 quo
846 2649 885 2720 se,
905 2650 985 2726 rapti
998 2649 1042 2708 bis
1054 2647 1185 2727 conjuge,
1204 2648 1308 2727 ferreti

534 2749 605 2808 Quo
617 2751 689 2808 fletu
701 2751 807 2821 Mania,
825 2751 883 2828 qul
895 2752 1025 2811 Numina
1038 2770 1118 2823 voce,
1130 2757 1274 2810 moveret?

534 2849 587 2909 llla
599 2850 717 2927 quidem
729 2852 829 2930 Stygii
841 2855 929 2911 nabat
937 2852 998 2931 jam
1011 2853 1117 2930 frigida
1130 2853 1247 2930 cymbia

532 2952 647 3029 Septem
660 2952 742 3011 illum
756 2964 830 3012 toton
842 2955 995 3032 perhibent
1006 2954 1153 3014 exordiae
1166 2954 1278 3025 menfia,

532 3052 616 3131 Rupe
627 3053 679 3111 snb
691 3054 775 3125 auia,
796 3056 898 3114 deserti
911 3057 948 3115 ad
961 3056 1120 3133 Strymonia
1132 3058 1250 3127 undam,

531 3153 659 3224 Fleviffe,
678 3164 708 3214 et
719 3157 822 3235 gelidis
833 3158 896 3217 haec
907 3158 1040 3218 evolvisse
1053 3157 1104 3217 sub
1116 3158 1205 3228 astri»,

531 3255 713 3318 Muloentem
726 3258 816 3335 tigris,
836 3270 865 3317 et
879 3271 1013 3338 agentem
1025 3260 1153 3320 carmine
1165 3279 1294 3338 quarem.

531 3358 636 3418 Qualis
647 3361 768 3437 populel
781 3379 901 3422 maerena
913 3361 1068 3421 Philomela
1081 3361 1133 3423 sub
1145 3364 1247 3423 umbri

529 3461 653 3521 Amiffos
666 3463 795 3539 queritur
806 3464 895 3536 fetum
916 3484 986 3541 quos
999 3466 1086 3524 durua
1099 3475 1192 3525 arator

528 3561 688 3623 Observann
700 3565 769 3625 nido
781 3564 918 3643 inplumia
929 3566 1067 3625 detraxit:
1089 3576 1121 3624 at
1131 3566 1182 3626 illa

528 3665 592 3724 Flet
604 3668 726 3737 notiem,
746 3686 883 3743 ramoque
894 3667 994 3726 sedena
1005 3667 1166 3727 miserabile
1176 3687 1293 3729 carmen

526 3766 665 3845 Integra,
686 3778 715 3827 et
729 3769 830 3826 maestis
842 3770 901 3828 late
912 3770 975 3827 lom
988 3769 1131 3845 questibus
1142 3770 1245 3848 inplet.

527 3868 617 3927 Nulla
629 3870 737 3940 Venus,
751 3889 810 3928 non
823 3870 877 3928 ulli
889 3870 1020 3929 animum
1032 3872 1137 3931 flexere
1149 3873 1319 3949 Hymenaeit

525 3970 607 4028 Solus
620 3972 816 4049 Hyperboreas
828 3971 942 4048 glacies,
955 3973 1134 4051 Tanaimque
1146 3974 1281 4049 nivalem,

524 4072 661 4148 Arvaque
674 4073 800 4149 Rhipaeis
813 4092 971 4150 numquam
983 4074 1100 4134 viduata
1110 4076 1231 4153 pruinis,

525 4172 683 4245 Lustrabat,
703 4185 812 4250 raptam
825 4175 987 4251 Eurydicen
1000 4187 1087 4253 atque
1103 4176 1190 4238 inrita
1203 4178 1281 4239 Ditia

524 4273 610 4333 Dona
629 4293 764 4350 quarem:
787 4276 888 4353 spretae
899 4276 1042 4337 Ciconum
1054 4297 1113 4356 quo
1126 4298 1247 4340 munere
1256 4299 1318 4342 ma·

602 4385 666 4445 110⁸,

522 4477 603 4536 Inter
614 4476 689 4535 sacra
702 4477 799 4545 dedm,
820 4479 1006 4557 noeturnique
1019 4483 1098 4559 orgia
1110 4484 1227 4555 Bacchi,

522 4578 707 4656 Discerptum
720 4579 792 4638 latos
800 4577 938 4655 juvenem
950 4581 1071 4659 sparsere
1083 4605 1134 4663 per
1145 4606 1238 4665 agros.

520 4681 599 4741 Tum
611 4700 734 4758 quoque,
753 4682 911 4741 marmorea
924 4693 1011 4760 caput
1024 4704 1041 4743 a
1053 4686 1163 4747 cervice
1174 4688 1314 4750 revolsum
