3492 6884
506 1755 546 1810 44
737 1752 1066 1824 GEORGICON,
1211 1751 1299 1823 v.69.

505 1903 579 1974 Illic,
599 1904 727 1966 officiant
739 1909 812 1969 laetis
825 1929 861 1969 ne
875 1910 1005 1987 frugibus
1017 1909 1127 1979 herbae3

505 2006 573 2076 Hic,
588 2006 709 2067 sterilem
722 2012 842 2088 exiguus
855 2032 892 2070 ne
905 2012 1012 2069 deserat
1024 2011 1127 2067 humor
1139 2026 1263 2067 arenam.

504 2107 634 2167 Alternis
645 2110 723 2169 idem
736 2113 829 2172 tonsas
840 2113 943 2171 cenare
956 2110 1072 2181 novalis,

504 2208 543 2265 Et
554 2208 669 2286 segnem
682 2213 790 2289 patiere
803 2215 857 2272 fitu
870 2212 1016 2272 durescere
1028 2230 1172 2288 campum.

503 2309 567 2367 Aut
579 2311 620 2369 ibi
634 2313 706 2371 flava
718 2314 800 2384 seres,
819 2324 930 2374 mutato
944 2315 1040 2380 fidere,
1059 2312 1144 2380 farra,

502 2410 590 2490 Unde
603 2414 680 2490 prius
693 2416 792 2473 laetum
806 2417 907 2492 filiqud
920 2415 1064 2491 quassante
1077 2414 1223 2490 legumen,

502 2513 565 2571 Aut
578 2517 671 2574 tenuis
683 2518 759 2575 setun
772 2518 862 2585 viciae,
883 2517 1024 2592 tristisque
1036 2514 1130 2590 lupini

502 2615 649 2674 Sustuleria
662 2618 777 2692 fragiles
790 2618 912 2675 calamos
926 2618 1079 2690 silvamque
1093 2613 1249 2677 sonantem.

501 2715 571 2773 Urit
582 2717 661 2773 enim
673 2717 727 2774 lini
741 2736 875 2793 campum
886 2717 975 2792 seges,
994 2716 1053 2772 urit
1066 2733 1163 2773 avenae
1167 2740 1177 2786 5

501 2816 600 2873 Urunt
613 2818 730 2875 lethaeo
743 2817 856 2895 perfusa
868 2836 1007 2895 papavera
1020 2816 1128 2874 somno.

502 2919 557 2976 Sed
571 2928 665 2976 tamen
678 2920 794 2978 alternis
807 2921 900 2979 facilis
912 2922 1006 2978 labor:
1029 2920 1106 2978 arida
1120 2927 1233 2977 tantum

500 3022 550 3079 Ne
562 3021 686 3080 saturare
699 3023 767 3081 fimo
780 3023 882 3101 pingui
895 3024 1001 3100 pudeat
1013 3022 1084 3092 sola3
1106 3041 1179 3080 neve

501 3122 609 3181 Effetoa
622 3124 747 3183 cinerem
759 3126 931 3183 inmundum
940 3124 1046 3201 jadare
1057 3142 1109 3200 per
1121 3142 1213 3200 agros.

501 3224 548 3282 sic
561 3244 675 3301 quoque
687 3227 805 3284 mutatis
817 3226 1000 3303 requiescunt
1012 3225 1118 3282 fetibus
1131 3242 1210 3282 arva:

499 3326 565 3384 Nec
578 3327 657 3384 nulla
669 3327 776 3386 interea
790 3328 829 3386 est
841 3328 957 3386 inaratae
971 3325 1062 3404 gratia
1076 3334 1167 3383 terne.

501 3428 579 3505 Saepe
593 3428 681 3486 etiam
694 3429 793 3489 sterilis
805 3430 956 3489 incendere
968 3428 1077 3507 profuit
1089 3446 1180 3505 agros,

500 3531 599 3607 Atque
610 3531 704 3591 levem
713 3533 846 3611 stipulam
855 3531 1062 3610 crepitantibus
1070 3548 1152 3587 urere
1159 3527 1296 3589 flammis:

501 3630 565 3688 Sive
578 3630 646 3690 inde
657 3634 782 3692 occultas
794 3633 877 3703 vires,
890 3644 921 3690 et
932 3633 1036 3710 pabula
1050 3642 1131 3689 terrae

479 3732 623 3809 0Pinguia
637 3736 802 3813 eoncipiunt
809 3761 818 3808 3
840 3736 896 3793 sive
908 3734 966 3794 illis
979 3751 1064 3792 omne
1075 3751 1127 3809 per
1139 3731 1238 3809 ignem

501 3834 679 3911 Excoquitur
691 3838 804 3907 vitium,
824 3846 910 3912 atque
923 3836 1041 3894 exsudat
1052 3833 1165 3891 inutilis
1176 3833 1293 3891 humor:

501 3936 557 3994 seu
569 3937 658 4013 pluris
670 3938 746 3996 calor
759 3937 807 3995 ille
820 3938 882 3996 vias
895 3947 924 3996 et
937 3956 1011 3995 caeca
1024 3936 1133 3994 relaxat

501 4037 688 4113 spiramenta,
708 4058 794 4098 novas
807 4040 904 4101 veniat
916 4041 973 4115 qud
986 4039 1084 4097 succus
1096 4038 1128 4095 in
1141 4038 1255 4110 hethan

502 4139 557 4196 Seu
569 4139 653 4198 durat
664 4140 765 4216 magis,
785 4150 815 4199 et
826 4160 912 4199 venas
924 4141 1073 4217 adstringit
1085 4140 1206 4198 hiantia:

501 4239 550 4298 Ne
564 4248 662 4299 tenues
674 4241 788 4317 pluviae,
809 4242 937 4318 rapidive
950 4243 1078 4319 potentia
1092 4242 1157 4299 solis

501 4340 614 4411 Aerior,
634 4352 684 4399 aut
696 4344 793 4400 Boreae
804 4343 980 4419 penetrabile
992 4344 1082 4419 frigus
1095 4344 1204 4400 adurat.
1216 4342 1220 4355 '

502 4442 632 4500 Multum
645 4445 725 4513 adeo,
745 4444 837 4502 rastris
847 4445 949 4520 fglebas
962 4445 1012 4521 qui
1025 4444 1132 4520 frangit
1144 4442 1254 4513 inertis,

502 4544 706 4621 vimineasque
718 4546 806 4604 trahit
818 4555 916 4615 crates,
922 4543 1003 4621 juvat
1014 4564 1078 4602 arva
1085 4569 1094 4617 5
1109 4563 1201 4620 neque
1211 4545 1295 4605 illum

502 4646 587 4707 Flava
600 4649 686 4708 Ceres
698 4649 756 4708 alto
768 4647 961 4726 ntundquam
974 4645 1078 4723 speeat
1089 4645 1215 4724 Olympo
1222 4669 1233 4718 3
