3492 6884
944 1814 1186 1867 Ὕλα).
1605 1806 1929 1864 ellus,
2425 1807 2564 1872 ’147

973 1962 1173 2039 A'tque
1196 1964 1412 2021 novum
1434 1969 1649 2020 aeterno
1673 1961 1975 2039 praetexite
2000 1961 2215 2018 honore
2243 1959 2535 2016 volumen.

1049 2051 1196 2122 Sunt
1220 2064 1547 2123 Pandioniis
1570 2064 1776 2122 vicinae
1803 2063 2025 2121 sedibus
2045 2064 2232 2132 urbes,

971 2166 1197 2224 Aaaeos
1218 2165 1374 2224 inter
1397 2167 1578 2235 collis,
1619 2176 1681 2224 et
1703 2165 1943 2225 candida
1966 2163 2178 2221 Thesei

972 2267 1274 2345 Purpureia
1298 2269 1415 2327 late
1439 2268 1683 2327 ridentia
1708 2268 1875 2326 litora
1900 2264 2164 2324 conchis:

972 2368 1238 2428 Quarum
1264 2388 1383 2430 non
1408 2370 1515 2429 ulli
1541 2370 1695 2428 fama
1721 2370 2032 2427 concedere
2058 2367 2253 2445 digna,

970 2470 1094 2528 Stat
1118 2471 1376 2549 Megara,
1414 2472 1601 2531 Aemi
1626 2473 1916 2548 quondam
1942 2471 2162 2528 munita
2187 2469 2379 2527 labore

967 2572 1258 2641 Alcathoi,
1300 2574 1638 2650 Phoebique3
1680 2575 1817 2633 deus
1844 2591 2091 2648 namque
2116 2572 2304 2629 adfuit
2327 2571 2439 2629 ini:

969 2674 1144 2733 Unde
1167 2676 1360 2744 etiam,
1400 2676 1634 2734 citharae
1657 2694 1823 2733 voces
1848 2675 2105 2733 imitatus
2129 2685 2341 2744 acutas,

968 2777 1126 2853 Saepe
1151 2776 1292 2854 lapis
1317 2789 1569 2856 recrepat
1596 2776 1859 2853 Cyllenia
1888 2794 2123 2834 munera
2155 2775 2367 2852 pulsia,

967 2879 1043 2937 Et
1068 2893 1319 2938 veterem
1344 2880 1537 2936 sonitu
1562 2879 1759 2937 Phoebi
1788 2879 2021 2936 testatur
2046 2873 2339 2937 honorem.

969 2982 1140 3039 Hanc
1164 2982 1384 3050 urbem,
1415 2990 1548 3039 ante
1570 2980 1710 3038 alios
1735 2980 1836 3057 qui
1865 2989 1989 3037 tum
2016 2979 2253 3036 florebat
2275 2980 2340 3037 in
2367 2978 2558 3049 armis,

969 3083 1202 3140 Fecerat
1227 3082 1509 3152 infestam,
1549 3083 1847 3159 populator
1872 3082 2107 3157 remige,
2148 3082 2373 3139 Minosz

968 3183 1235 3260 Hospitio
1260 3184 1413 3260 quod
1440 3183 1496 3242 se
1520 3183 1648 3241 Nifi
1673 3184 1933 3261 Polyidos
1959 3184 2132 3252 avite,

970 3284 1348 3363 Carpathium
1373 3286 1602 3363 fugiens
1626 3295 1687 3343 et
1710 3286 1950 3343 fiumina
1977 3286 2250 3354 Caeratea,

965 3386 1237 3447 Texerat.
1315 3386 1491 3444 Hunc
1514 3386 1667 3444 bello
1695 3397 1951 3464 repetens
1977 3387 2292 3464 Gortynius
2317 3387 2483 3445 heros

967 3490 1168 3547 Attica
1194 3489 1416 3547 Cretaea
1442 3488 1720 3547 sternebat
1741 3507 1871 3547 rura
1898 3489 2120 3566 sagitta.

965 3593 1075 3650 Sed
1099 3611 1287 3668 neque
1311 3602 1452 3649 tunc
1477 3590 1651 3662 cives,
1691 3610 1879 3668 neque
1900 3601 2040 3650 tunc
2066 3610 2167 3650 rex
2191 3592 2309 3671 ipse
2334 3602 2560 3652 veretur

967 3694 1176 3753 Infesto
1200 3695 1273 3753 ad
1298 3713 1491 3753 muros
1517 3694 1807 3753 volitantis
1831 3694 2061 3772 agmine
2087 3705 2301 3754 turmas

964 3797 1210 3868 Ducere,
1247 3808 1309 3856 et
1331 3797 1613 3856 indomita
1637 3797 1851 3856 virtute
1876 3799 2177 3857 retundere
2203 3797 2440 3857 mentia:

966 3900 1313 3978 Responsum
1337 3901 1611 3977 quoniam
1637 3900 1769 3960 satis
1793 3902 1873 3959 est
1896 3900 2211 3961 meminiss‘e
2235 3903 2494 3962 deorum.

964 4003 1121 4062 Nam
1144 4004 1332 4081 capite
1358 4024 1391 4064 a
1416 4003 1638 4062 summo
1663 4005 1832 4082 regis,
1870 4004 2132 4064 mirabile
2152 4006 2340 4065 dian!

965 4106 1222 4165 Candida
1247 4107 1521 4179 caesarie03
1563 4108 1843 4167 florebant
1868 4119 2125 4185 tempora
2149 4109 2310 4171 lauro
2323 4135 2343 4185 3

963 4211 1049 4268 At
1071 4210 1256 4268 roseus
1280 4210 1470 4268 medio
1490 4211 1746 4287 fulgebat
1775 4213 1985 4271 vertice
2008 4213 2209 4273 crinis:

964 4312 1141 4391 Cujus
1165 4332 1335 4390 quam
1361 4313 1573 4372 servata
1597 4316 1697 4375 diu
1722 4329 1923 4376 natura
1949 4318 2158 4387 suisset,

961 4415 1109 4475 Tam
1138 4417 1384 4495 patriam
1411 4417 1758 4478 incolumem
1800 4420 1945 4490 Nifi,
1995 4440 2351 4502 regnumque
2387 4422 2548 4481 futu-

1115 4539 1262 4588 mm,

962 4622 1283 4681 Conande·
1306 4622 1489 4681 stabili
1516 4622 1816 4683 firmarunt
1842 4628 2078 4686 numine
2101 4629 2306 4688 Parca.

962 4723 1117 4803 E'sgo
1137 4723 1327 4784 omnis
1346 4741 1483 4784 caro
1500 4724 1776 4787 relidebat
1797 4745 1934 4788 cura
1955 4730 2190 4838 capium
