3492 6884
490 1791 597 1848 aare.
799 1785 899 1846 mn.
937 1774 991 1845 11(
1188 1798 1191 1803 ·
1248 1790 1286 1857 77

491 1941 630 2011 caditur,
649 1940 811 2018 incultique
823 1951 937 2001 exercet
950 1959 1016 2002 cura
1029 1939 1130 2000 salini.

491 2045 559 2123 Jam
570 2043 674 2103 vindae
686 2044 775 2103 vitea:
792 2043 854 2122 jam
866 2045 971 2103 sulcem
985 2044 1096 2103 arbusta
1109 2049 1251 2123 reponunt
1255 2065 1265 2115 3

489 2138 556 2224 Jam
568 2146 647 2205 canit
659 2154 802 2205 extremos
814 2146 917 2205 effetus
929 2146 1035 2208 vinitor
1046 2154 1141 2205 anteat

491 2248 674 2307 Sollicitanda
687 2257 783 2307 tamen
796 2249 889 2318 tellus,
908 2248 1057 2326 pulvisque
1067 2246 1237 2319 movendum

490 2350 528 2409 Et
536 2348 598 2427 jam
609 2350 910 2414 maturiemetuendur
922 2350 1054 2429 Juppiter
1065 2348 1139 2407 uvis.

529 2453 647 2521 Conna,
664 2472 721 2511 non
734 2453 793 2511 ulla
806 2453 846 2511 est
858 2452 928 2511 oleis
941 2452 1050 2510 cultura
1054 2475 1064 2524 3
1085 2468 1178 2527 neque
1188 2448 1247 2507 illae

492 2555 661 2613 Procurrarn
673 2554 836 2631 exspectant
848 2555 953 2613 falcem
965 2553 1119 2629 rastrosque
1133 2562 1253 2619 tenaces,

494 2656 596 2715 Ouum
608 2655 693 2715 semel
704 2655 846 2715 haeserunt
858 2656 940 2726 arvis,
960 2674 1097 2731 aurasque
1110 2655 1246 2713 tulerunt.

491 2761 554 2837 ipsa
568 2759 633 2818 satie
646 2760 738 2829 tellus,
757 2779 847 2837 quum
860 2762 946 2818 dente
957 2759 1113 2818 recluditur
1124 2776 1208 2827 unco,

493 2861 605 2919 Sufficit
617 2861 776 2932 humorem,
793 2872 823 2920 et
835 2863 964 2940 gravidas
976 2880 1043 2921 cum
1056 2879 1168 2919 vomere
1179 2860 1286 2936 fruger.

492 2964 558 3021 Hoc
570 2963 717 3040 pinguem,
730 2974 759 3021 et
771 2965 908 3042 placitam
919 2964 994 3034 Paci,
1008 2964 1130 3022 nutritor
1142 2962 1258 3021 olivam.

530 3067 618 3124 Poma
637 3084 760 3141 quoque,
779 3076 813 3124 ut
831 3067 957 3144 primum
978 3077 1092 3124 truncos
1111 3063 1219 3123 sensere
1236 3082 1285 3121 va·

607 3167 702 3235 lentis,

492 3269 530 3328 Et
541 3267 615 3326 vires
626 3268 751 3327 habuere
763 3269 834 3339 snas,
854 3271 890 3327 ad
903 3269 989 3327 sidera
999 3268 1105 3346 raptim

491 3370 532 3429 vi
545 3368 658 3446 proprii
670 3369 811 3438 nituntur,
830 3370 949 3447 opisque
963 3370 1041 3429 haud
1052 3369 1151 3447 indiga
1164 3367 1272 3425 nostra.

531 3473 597 3530 Nec
610 3471 705 3529 minue
717 3471 825 3530 interea
838 3471 901 3529 fetu
912 3491 1013 3531 nemus
1025 3492 1111 3530 omne
1121 3470 1268 3548 gravescit,

492 3573 720 3650 Sanguineisque
731 3572 839 3630 inculta
853 3576 956 3631 rubent
969 3574 1074 3632 aviaria
1087 3573 1190 3631 baccis.

490 3676 662 3735 Tondentur
674 3675 765 3752 cytifi,
785 3676 870 3733 taedaa
884 3675 951 3734 silva
965 3675 1020 3733 alta
1033 3674 1183 3745 ministrat,

492 3742 798 3854 Pascunturqffignes
811 3776 952 3848 nonumr,
967 3787 997 3835 et
1008 3778 1118 3836 lumina
1131 3777 1266 3835 fundunt.

492 3882 531 3939 Et
549 3880 683 3938 dubitant
699 3879 829 3942 homines
845 3877 944 3949 serere,
964 3889 1050 3956 atque
1067 3880 1222 3958 inpendere
1235 3898 1286 3938 cu·

569 3984 648 4048 ram?
692 4016 699 4032 ι

493 4083 576 4142 Quid
588 4081 694 4159 majora
712 4081 830 4158 sequar?
851 4081 948 4141 salices
964 4081 1143 4161 humilesque
1155 4082 1286 4160 genestae,

493 4187 556 4244 Aut
569 4185 627 4243 illae
638 4184 734 4263 pecori
746 4185 888 4253 frondem,
907 4195 956 4248 aut
968 4186 1124 4263 pastoribus
1136 4191 1251 4247 umbras
1386 4170 1388 4173 ι

492 4287 659 4358 Sufficiunt3
681 4286 840 4364 saepemque
852 4285 928 4357 satis,
946 4298 976 4345 et
988 4289 1092 4365 pabula
1104 4290 1199 4349 melli:

492 4390 531 4447 Et
538 4388 622 4466 juvat
633 4389 790 4447 undantem
802 4390 881 4447 buxo
893 4388 1015 4466 spedare
1028 4390 1177 4468 Cytorum,

492 4490 685 4568 Naryciaeque
697 4490 768 4567 picis
781 4490 875 4561 lucos,
892 4490 975 4567 juvat
987 4510 1052 4551 arva
1066 4493 1162 4552 uidere

493 4594 565 4653 Non
578 4592 678 4662 rastris,
697 4592 849 4650 hominum
862 4610 920 4651 uon
932 4592 985 4651 ulli
998 4594 1122 4652 obnoxia
1133 4612 1218 4653 cnm.

494 4694 567 4772 ipsae
579 4693 715 4754 Caucasio
727 4692 833 4753 steriles
844 4692 877 4765 in
889 4694 994 4753 vertice
1006 4694 1091 4766 ulva,
