3492 6884
469 1811 579 1885 ν.470.
773 1813 869 1873 LIB.
909 1812 966 1875 111.
1208 1806 1261 1860 ¹⁰1

468 1966 501 2025 Ν
502 1985 558 2025 unc
570 1986 684 2050 quoque
696 1968 757 2046 post
769 1978 850 2028 tanto
861 1969 966 2037 videat,
980 1963 1145 2036 desertaque
1154 1972 1244 2033 regna

468 2058 622 2140 Paliomm,
641 2079 672 2128 et
683 2072 770 2150 longe
782 2072 868 2130 saltus
880 2071 994 2144 lateque
1006 2062 1140 2125 vacantis.

507 2171 567 2230 Hic
577 2173 731 2248 quondam,
744 2176 844 2232 morbo
857 2172 933 2242 coeli,
947 2166 1103 2228 miseranda
1115 2170 1210 2221 coorta
1222 2157 1263 2218 esi

467 2273 640 2351 Tempestas,
660 2284 778 2352 totoque
789 2273 937 2333 audtumni
949 2268 1100 2330 incanduit
1111 2266 1188 2332 aestu,

468 2376 507 2435 Et
523 2395 613 2453 genus
631 2396 718 2435 omne
735 2377 800 2435 neci
816 2376 959 2454 pecudum
975 2370 1064 2439 dedit,
1083 2384 1169 2428 omne
1187 2366 1262 2423 fers·

545 2496 625 2550 rum;

469 2580 670 2658 Coumpitque
681 2582 771 2652 lacum
792 2579 895 2639 insecit
905 2578 1009 2656 pabula
1021 2577 1096 2634 tabo.

469 2681 535 2741 Nec
548 2682 594 2741 ria
606 2683 706 2741 mortis
717 2694 779 2742 erat
796 2683 914 2760 simplex
921 2707 929 2752 3
951 2681 1009 2749 sed,
1021 2677 1073 2736 ubi
1085 2676 1171 2753 ignea
1183 2669 1263 2731 venis

468 2784 612 2843 Omnibus
625 2785 686 2843 asia
699 2785 757 2844 fitis
769 2784 886 2844 miseros
898 2784 1055 2842 adduxerat
1066 2787 1153 2844 artus,

468 2886 575 2945 Rursus
586 2888 750 2947 abundabat
761 2888 868 2946 fluidus
880 2886 987 2961 liquor3
1008 2880 1163 2956 omniaque
1174 2876 1208 2935 in
1220 2876 1249 2934 se

468 2988 536 3047 offa
548 2989 714 3048 minutatim
726 2992 826 3048 morbo
838 2986 970 3066 conlapsa
981 2984 1121 3043 trahebat.

468 3092 547 3170 Saepe
559 3091 589 3150 iu
603 3092 709 3151 honore
719 3093 806 3151 desim
818 3092 915 3150 medio
927 3090 1000 3149 slaos
1012 3087 1101 3147 hostia
1114 3085 1248 3152 adaram,

468 3198 563 3254 Laoea
576 3196 646 3254 dum
660 3196 743 3254 nivel
755 3196 948 3254 circumdatur
958 3193 1051 3251 insula
1062 3191 1146 3259 vittl,

468 3299 548 3357 Inter
559 3297 721 3356 condiantis
732 3297 837 3356 cecidit
849 3297 1020 3356 moribunda
1033 3296 1184 3360 ministros.

467 3404 540 3468 Aut,
560 3399 582 3457 fi
594 3418 682 3475 quam
694 3399 770 3457 ferro
782 3399 955 3457 manaverat
967 3410 1034 3459 aute
1047 3399 1183 3469 sacerdos,

467 3502 540 3561 Inde
552 3519 646 3577 neque
658 3501 786 3579 inpofitis
799 3502 902 3558 ardent
913 3502 1012 3559 altaria
1025 3501 1113 3571 fibris,

468 3604 533 3663 Nec
545 3602 675 3681 responsa
686 3604 778 3680 potest
789 3601 934 3661 consultus
945 3604 1060 3661 reddere
1071 3611 1164 3676 vatem

467 3707 513 3764 Ac
526 3705 576 3763 rix
588 3704 722 3781 suppofiti
735 3705 909 3781 tinguuntur
919 3703 1058 3780 sanguine
1069 3706 1166 3776 cultri,

467 3809 641 3883 Summaque
648 3804 747 3883 jejonl
760 3806 837 3864 sanie
849 3806 1008 3865 infuscatur
1020 3827 1116 3868 arena.

468 3909 547 3968 Hinc
558 3908 633 3966 l'retis
645 3908 730 3965 vituli
744 3909 831 3985 volgo
841 3908 1004 3967 moriuntur
1015 3910 1047 3968 in
1060 3910 1164 3981 herbis,

467 4012 506 4069 Et
517 4010 609 4069 dulcis
620 4010 729 4068 animas
739 4010 824 4087 plena
836 4010 872 4068 ad
885 4010 1019 4088 praesepia
1030 4014 1164 4073 reddunt.

467 4112 547 4171 Hinc
559 4112 677 4170 canibus
689 4112 800 4170 blandis
812 4112 903 4171 rabies
912 4113 1001 4182 venit,
1013 4123 1043 4172 et
1052 4116 1148 4191 quatit
1159 4136 1250 4197 egros

466 4214 559 4273 Tullia
571 4214 675 4272 anhela
688 4213 768 4287 sues„
780 4234 813 4273 ac
826 4214 957 4273 saucibus
969 4216 1051 4307 angit
1062 4218 1161 4278 obefis.

468 4317 597 4386 Labitur,
613 4315 717 4373 infelix
728 4316 893 4385 studiomm,
907 4327 994 4394 atque
1003 4320 1146 4378 inmemor
1155 4321 1261 4395 herbae‚

467 4418 567 4477 Vistor
578 4436 677 4494 equus,
690 4418 841 4494 sontesque
853 4419 999 4490 avertitur,
1011 4429 1043 4477 et
1054 4423 1126 4498 pede
1139 4433 1244 4483 terram

467 4521 574 4578 Crebra
588 4519 670 4577 serit:
692 4519 818 4578 demiffae
830 4539 925 4592 aures3
946 4520 1072 4582 incertus
1084 4522 1195 4581 ibidem

405 4627 425 4666 θ
468 4623 568 4690 Sudor,
586 4633 617 4679 et
629 4620 678 4678 ille
690 4621 808 4697 quidem
820 4621 965 4680 morituris
977 4623 1113 4701 frigidum
1133 4635 1195 4685 aret

469 4723 562 4794 Pellio,
581 4732 610 4782 et
622 4722 660 4782 ad
673 4722 781 4782 tastum
793 4723 926 4784 tradtanti
938 4724 1009 4784 dura
1020 4725 1129 4785 resistit.
