3492 6884
610 1738 670 1791 aas
871 1713 1145 1805 AENulnos,
1294 1739 1408 1809 nanu

608 1887 758 1946 Mutemus
770 1889 884 1968 clipeos,
905 1893 1096 1969 Danaumque
1109 1887 1230 1968 iniignia
1244 1887 1327 1947 nobis

607 1991 767 2065 Aptemus:
789 1993 880 2061 dolus,
894 2014 929 2053 an
939 1995 1039 2065 virtus,
1051 1994 1114 2071 quis
1126 1993 1157 2052 in
1170 1993 1249 2051 hotie
1260 1991 1402 2068 requirat?

605 2094 696 2150 Arma
710 2093 819 2153 dabunt
832 2097 893 2173 ipfi.
934 2099 981 2156 Sic
994 2099 1079 2166 fatus,
1099 2097 1203 2155 deinde
1215 2106 1379 2155 comantem

604 2196 754 2273 Androgei
768 2198 890 2274 galeam,
900 2187 1052 2278 ¹clipeique
1065 2202 1176 2279 infigne
1188 2201 1332 2266 decorum,

601 2296 754 2369 induitur;
775 2301 916 2377 laterique
929 2303 1070 2380 Argivum
1084 2303 1283 2362 adcommodat
1294 2299 1402 2358 ensem.

603 2399 670 2458 Hoc
686 2401 821 2478 Rhipeus,
836 2404 890 2461 hoc
904 2404 963 2480 ipse
978 2406 1094 2480 Dymas,
1108 2403 1259 2479 omnisque
1268 2400 1404 2478 juventus
1498 2464 1501 2471 Ι

603 2502 683 2559 Laeta
697 2503 782 2560 facit:
805 2503 901 2581 spoliis
915 2506 943 2563 se
955 2506 1076 2582 quisque
1091 2504 1251 2563 recentibus
1263 2511 1364 2562 armat.

602 2602 744 2662 Vadimus
756 2605 875 2663 inmixti
891 2608 996 2665 Danais
1008 2607 1085 2665 haud
1099 2607 1218 2681 nurnine
1232 2605 1334 2674 nostro,
1388 2634 1393 2645 ·

603 2703 760 2780 Multaque
772 2726 824 2783 per
835 2726 942 2766 caecam
954 2708 1091 2785 congreffr
1105 2708 1206 2785 proelia
1219 2707 1332 2766 noctem

602 2807 801 2866 conserimus:
824 2810 930 2867 multos
945 2811 1079 2869 Danaum
1092 2810 1270 2868 demittimus
1282 2807 1369 2868 Oroo.
1421 2879 1424 2885 ¹

604 2907 776 2985 Diffugiunt
789 2910 839 2969 aiii
852 2912 889 2968 ad
902 2911 990 2981 navis,
1010 2921 1040 2970 et
1054 2912 1137 2970 litora
1150 2911 1235 2970 cursu

603 3009 675 3067 Fida
688 3021 802 3085 petunt:
826 3030 890 3089 pars
903 3013 1052 3091 ingentem
1064 3014 1219 3071 formidine
1232 3012 1309 3089 turpi

604 3111 751 3171 Scandunt
762 3113 856 3172 rursus
864 3134 981 3190 equum,
994 3126 1025 3173 et
1035 3116 1102 3174 nott
1112 3115 1276 3173 conduntur
1284 3115 1316 3172 in
1327 3114 1402 3182 aito.

604 3214 672 3272 Heu
687 3215 759 3273 nihil
773 3217 870 3275 invitis
884 3219 926 3275 fas
938 3236 1115 3294 quemquam
1128 3217 1215 3275 fidere
1228 3217 1314 3274 divisi

648 3319 736 3376 Eccei
760 3320 926 3378 trahebatur
937 3319 1029 3396 pastis,
1043 3320 1180 3377 Priameia
1194 3319 1285 3395 virgo,

604 3422 740 3480 Crinibus
753 3442 769 3479 a
785 3423 892 3499 templo
906 3421 1058 3479 Catiandra
1072 3421 1221 3496 adytisque
1233 3421 1382 3490 Minervae,

605 3527 653 3582 Ad
668 3525 772 3581 coelnm
786 3525 906 3580 tendens
919 3522 1044 3580 ardentia
1058 3522 1169 3580 lumina
1182 3522 1297 3580 frustra:

604 3628 743 3693 Lurnina3
765 3645 832 3682 nam
846 3637 955 3681 teneras
968 3626 1100 3681 arcebant
1112 3624 1227 3682 vincula
1243 3625 1360 3701 palmas.

604 3728 674 3786 Non
690 3729 755 3786 tulit
770 3729 843 3785 hanc
857 3726 978 3802 speciem
993 3726 1098 3783 furiata
1112 3740 1209 3783 mente
1222 3727 1369 3798 eoroebus,

604 3831 643 3888 Et
657 3830 712 3888 sese
726 3829 852 3887 medium
867 3828 965 3904 injecit
979 3827 1119 3904 periturus
1132 3828 1163 3885 in
1177 3847 1289 3905 agmen.

604 3931 814 4007 Consequimur
826 3930 932 3996 cuncti,
952 3941 981 3986 et
994 3928 1085 3986 densis
1097 3929 1268 3988 incurrimus
1281 3928 1375 3989 armis

603 4033 663 4090 Hic
676 4034 801 4110 primum
814 4053 850 4089 ex
863 4033 923 4089 alto
936 4031 1044 4088 delubri
1059 4030 1185 4089 cuimine
1199 4032 1264 4089 telis

603 4135 771 4192 Notirorum
786 4134 944 4198 obruimur,
959 4132 1106 4208 oriturque
1119 4134 1276 4191 miserrima
1289 4134 1379 4192 caedes

602 4239 759 4295 Armorum
773 4235 856 4303 facie,
876 4244 904 4291 et
918 4235 1068 4292 Graiarum
1081 4254 1173 4294 errore
1183 4235 1326 4312 jubarum.

601 4339 680 4398 Tum
693 4337 794 4405 Danai,
814 4336 925 4413 gemitu
938 4345 1025 4412 atque
1037 4347 1140 4412 ereptae
1152 4337 1271 4414 virginis
1283 4338 1335 4407 iri,

601 4441 740 4516 Undique
754 4439 874 4497 conlctti
888 4439 1044 4496 invadunt:
1067 4439 1220 4497 acerrimus
1234 4439 1318 4517 Ajax,

485 4561 491 4574 ·
601 4544 638 4601 Er
653 4543 761 4620 gemini
777 4541 896 4610 Atridae,
910 4540 1111 4617 Dolopumque
1120 4542 1261 4599 exercitus
1274 4541 1368 4600 omnis

602 4647 721 4708 Adverti
733 4654 817 4724 rupto
829 4663 883 4705 ceu
896 4644 1041 4721 quondam
1054 4643 1169 4709 turbine
1181 4643 1261 4703 venti
1302 4705 1304 4708 ,
