3492 6884
424 1255 480 1307 150
738 1249 763 1306 C
777 1247 900 1307 11118.
1107 1265 1135 1305 v.
1153 1253 1216 1305 1⁸3.

338 1386 340 1390 ’
421 1402 490 1458 Quo
503 1410 585 1459 vocat
598 1403 638 1461 ire
651 1402 740 1471 dolor,
760 1402 898 1479 subigunt
909 1420 967 1479 quo
979 1401 1096 1459 tendere
1107 1400 1177 1471 fata,

334 1569 337 1574 ¹
420 1503 533 1573 Fertur5
555 1515 585 1562 et
596 1504 724 1563 horribili
738 1524 861 1581 praecepn
873 1503 1022 1581 inpellitur
1032 1502 1128 1561 oestru:

419 1604 463 1661 Ut
476 1605 574 1681 patris,
593 1607 629 1664 ah
644 1607 771 1666 demensi
794 1606 902 1665 crinem
915 1607 951 1664 de
963 1604 1070 1663 vertice
1081 1604 1170 1664 ferret

418 1706 540 1778 Furtim,
560 1718 646 1783 atque
658 1719 761 1784 arguto
773 1703 923 1766 detonsum
936 1707 1065 1765 mitteret
1075 1705 1165 1765 hostii

418 1808 554 1885 Namque
565 1810 627 1867 hrec
639 1810 767 1868 conditio
779 1809 889 1870 miserae
900 1808 1069 1885 proponitur
1082 1828 1147 1868 una.

417 1911 483 1969 Sive
495 1911 544 1969 ille
557 1912 705 1989 ignorans:
727 1912 791 1987 quis
804 1930 862 1968 non
875 1913 965 1968 bonus
978 1911 1074 1969 omnia
1087 1911 1170 1969 malit

417 2013 550 2082 Credere,
569 2032 656 2090 quam
670 2023 750 2070 tanto
763 2012 865 2071 scelere
879 2012 1013 2070 damnare
1030 2012 1173 2089 puellam?

415 2115 484 2173 Heu
505 2126 600 2173 tamen
618 2115 721 2173 infelix
746 2113 828 2192 (quid
852 2113 930 2171 enim
950 2113 1132 2190 inprudentia
1148 2135 1214 2192 pro-

462 2207 467 2218 “
491 2216 550 2276 ren
559 2217 584 2291 r)

414 2317 486 2375 Nise
499 2317 592 2394 poter!
613 2318 670 2386 cui,
690 2318 799 2394 direpti
812 2317 965 2376 crudeliter
976 2321 1057 2388 urbe,

414 2420 474 2477 Vix
487 2419 543 2479 erit
555 2439 612 2478 una
625 2420 708 2497 super
720 2419 798 2477 sedne
810 2420 841 2476 in
855 2419 979 2477 turribus
991 2420 1066 2491 altis,

413 2521 507 2580 Folius
520 2522 570 2579 ubi
582 2522 722 2581 exstrudlo
734 2522 816 2599 poffis
828 2522 972 2580 considere
983 2522 1061 2580 nido.

412 2626 461 2682 Tu
474 2643 597 2700 quoque,
617 2624 685 2693 avis,
704 2624 839 2682 morieree
862 2623 942 2681 dabit
955 2622 1008 2681 tibi
1021 2623 1081 2682 filia
1093 2643 1198 2702 poenar.

413 2727 553 2798 Gaudete,
573 2727 721 2785 ocelererl
743 2726 871 2784 subnixae
885 2724 1009 2783 nubibus
1022 2724 1095 2795 altis,

331 2880 333 2883 Α
414 2831 490 2887 Quae
502 2847 589 2900 mare,
609 2847 674 2905 quae
685 2828 788 2886 virides
802 2827 892 2898 srlvas,
910 2828 1046 2904 luoosque
1056 2827 1197 2897 sonantes,

413 2930 555 3004 Inoolitis3
577 2930 708 3008 gaudete,
720 2948 800 3007 vagae
813 2929 981 3005 blandeque
992 2928 1133 2999 volucrem

411 3035 527 3111 Vosque
539 3035 620 3102 adeo,
639 3032 759 3090 humani
771 3023 890 3090 mutatio
901 3031 1027 3107 corporis
1038 3041 1125 3100 artus,

410 3135 471 3218 yos
483 3136 515 3193 o!
536 3133 646 3193 crudeli
659 3134 785 3191 fatorum
797 3132 871 3209 lege,
891 3132 996 3208 puellae

411 3237 583 3306 Dauliadess
594 3236 730 3312 gaudete3
751 3233 840 3302 venit,
861 3232 999 3290 mrislima
1011 3231 1100 3303 vobis,

411 3340 557 3415 Cognator
568 3354 677 3413 angens
688 3353 778 3410 reges,
798 3351 1007 3407 numerumque
1020 3332 1145 3404 suorum,

411 3439 496 3509 Ciris,
508 3449 537 3496 et
550 3436 609 3513 ipse
621 3445 715 3515 pater:
736 3454 794 3503 vor,
807 3433 838 3490 ol
860 3433 1051 3509 pulcherrima
1064 3435 1209 3510 quondum

410 3542 545 3618 Corpora,
564 3537 697 3596 caerirleas
708 3534 870 3613 praevertite
882 3534 915 3592 in
929 3534 1034 3593 aethera
1048 3538 1146 3607 nubes,

411 3642 479 3699 Qui
493 3658 582 3698 novus
595 3639 632 3698 ad
644 3637 778 3715 superum
791 3636 867 3694 sedes
881 3637 1049 3708 Haliaeetus,
1070 3648 1099 3697 et
1112 3640 1169 3715 qui

410 3741 540 3802 Candida
553 3738 693 3798 concessos
706 3738 857 3796 adscendet
869 3737 946 3796 Ciris
959 3737 1089 3798 honores.

447 3846 570 3924 Jamque
582 3842 653 3900 adeo
666 3840 744 3899 dulci
756 3839 903 3898 detinetur
916 3839 1026 3898 lumina
1040 3840 1138 3900 somno

408 3947 498 4009 Nisur
509 3953 587 4017 erat3
607 3943 785 4021 vigilumque
796 3941 895 4019 procul
908 3940 1032 3999 custodia
1044 3941 1145 4019 primis

408 4048 552 4110 Excubiae
562 4044 670 4106 foribus
683 4043 774 4102 studio
782 4042 908 4121 jadlabat
919 4041 1013 4101 inani:

409 4149 600 4212 Cum-furtim
614 4147 701 4207 tacito
713 4146 884 4206 descendens
895 4145 986 4224 Scylla
999 4145 1089 4212 cubili
