3492 6884
493 1761 528 1811 >u
543 1760 607 1813 152.
797 1747 826 1816 'L
841 1759 901 1817 113.
941 1758 995 1818 111.
1251 1770 1301 1845 '⁸9

501 1908 567 1967 Hoc
580 1913 725 1986 quondam
739 1916 862 1974 monstro
875 1917 1019 1976 horn'bilis
1032 1916 1161 1976 exercuit
1173 1916 1230 1977 iras

500 2014 626 2073 Inacbiae
638 2018 716 2093 Juno
729 2018 835 2095 pellem
848 2020 986 2078 meditata
994 2019 1136 2096 juvencae.

498 2118 588 2176 Hunc
598 2139 723 2197 quoque,
737 2142 804 2181 nam
815 2123 918 2181 mediis
931 2124 1089 2182 fervoribus
1101 2124 1193 2182 acrior
1202 2123 1298 2195 instat,

498 2223 619 2280 Arcebis
632 2225 750 2301 gravido
762 2228 866 2304 pecori,
888 2235 1074 2303 armentaque
1086 2227 1181 2304 pasces

497 2325 562 2383 Sole
575 2345 673 2386 recens
686 2340 757 2398 orto,
778 2339 828 2388 aut
840 2330 954 2387 nouem
968 2330 1139 2387 ducentibus
1151 2329 1237 2388 astris.

536 2429 598 2486 Post
611 2441 737 2506 partum,
751 2451 819 2490 cura
833 2432 864 2489 in
877 2432 982 2490 titulos
996 2433 1156 2491 traducitur
1167 2433 1274 2505 omnim

495 2530 702 2610 Continuoque
715 2546 796 2593 notas
809 2545 838 2593 et
852 2535 969 2594 nomina
983 2536 1077 2612 gentis
1089 2535 1220 2605 inurunt,

497 2635 543 2704 Et,
557 2655 629 2711 quoa
641 2647 691 2694 aut
703 2638 799 2713 pecori
813 2638 916 2695 malint
929 2638 1097 2695 submittere
1110 2638 1252 2708 habendo,

495 2740 558 2797 Aut
572 2739 627 2797 aris
640 2739 749 2798 servare
762 2740 862 2809 sacros,
883 2750 933 2800 aut
947 2740 1074 2799 scindere
1088 2751 1203 2808 terram,

495 2842 534 2899 Et
546 2861 681 2918 campum
693 2842 857 2901 horrentem
869 2843 967 2901 fractis
980 2843 1121 2901 invertere
1134 2841 1241 2921 glebis:

495 2945 597 3002 Cetera
610 2945 764 3021 pascuntur
776 2945 875 3004 viridis
888 2956 1016 3005 armenta
1029 2966 1079 3023 per
1091 2946 1202 3005 herbae.

493 3050 551 3117 Tu,
559 3068 629 3125 quos
636 3051 672 3108 ad
681 3050 804 3107 studium
813 3049 991 3126 atqueusum
999 3050 1135 3109 formabis
1142 3048 1291 3127 agrestem,

493 3155 559 3230 Jam
572 3152 677 3209 vitulos
689 3152 812 3218 hortare,
826 3152 960 3228 viamque
974 3152 1067 3210 infiste
1080 3151 1228 3222 domandi,

492 3257 574 3314 Dum
588 3254 686 3312 faciles
697 3254 785 3312 animi
796 3252 947 3330 juvenum,
968 3255 1038 3312 dum
1052 3254 1167 3313 mobilis
1179 3263 1257 3313 aetas.

492 3360 539 3418 Ac
552 3357 679 3434 primum
692 3356 771 3413 laxos
784 3356 864 3413 tenui
878 3356 913 3414 de
925 3356 1034 3414 vimine
1046 3357 1147 3415 circlos

491 3459 607 3518 Cervici
620 3457 766 3516 subnecte:
789 3457 904 3525 dehinc,
924 3458 976 3515 ubi
989 3459 1078 3517 libera
1091 3459 1164 3516 colla

491 3560 614 3621 Servitio
626 3560 780 3629 adfuerint,
800 3559 866 3637 ipsrs
879 3579 895 3616 e
909 3560 1059 3636 torquibus
1072 3570 1153 3638 aptos

490 3668 587 3744 Junge
600 3682 688 3742 pares,
709 3672 739 3719 et
752 3680 823 3739 coge
836 3662 959 3737 gradum
971 3663 1101 3721 couserre
1109 3661 1261 3739 juvencum

489 3773 590 3844 Atque
602 3766 659 3824 illu
669 3764 730 3842 jam
743 3763 816 3840 saepe
830 3772 899 3820 rotae
911 3765 1053 3822 ducantur
1064 3765 1165 3824 inanes

490 3873 543 3929 Per
556 3881 670 3937 terram,
691 3878 721 3926 et
734 3867 847 3925 summo
858 3867 977 3944 vestigia
990 3867 1107 3945 pulvere
1121 3869 1246 3947 fignent:

488 3974 561 4044 Posi,
573 3972 669 4032 valido
681 3971 775 4029 nitens
787 3970 839 4028 sub
851 3970 987 4047 pondere,
1007 3970 1122 4047 faginus
1134 3973 1197 4032 axis

476 4077 637 4153 instrepat,
657 4084 687 4133 et
696 4073 810 4152 junctos
823 4082 902 4131 temo
915 4072 1009 4130 trahat
1021 4092 1110 4132 aereus
1122 4075 1208 4136 orbis.

488 4182 600 4239 Interea
613 4177 684 4256 pubi
695 4174 845 4234 indomita
858 4193 916 4232 non
930 4175 1059 4251 gramina
1073 4185 1197 4251 tantum,

487 4283 552 4341 Nec
564 4280 659 4339 vescas
669 4279 787 4337 salicum
801 4278 925 4345 frondes,
941 4277 1098 4355 ulvamque
1109 4280 1273 4356 palustrem,

487 4381 542 4438 Sed
555 4380 699 4436 frumenta
713 4393 801 4432 manu
814 4393 911 4451 carpes
924 4374 992 4432 sata.
1032 4374 1098 4434 Nec
1109 4377 1164 4435 tibi
1178 4378 1254 4452 setae,

487 4483 572 4540 More
585 4490 709 4557 patrum,
724 4477 807 4535 nivea
820 4476 974 4554 inplebunt
986 4478 1149 4538 mulctraria
1161 4500 1265 4554 vacem,

477 4585 541 4642 ⁵Sed
555 4593 614 4641 tota
627 4582 658 4639 in
671 4579 764 4648 dulcis
777 4579 947 4637 consument
959 4580 1046 4638 ubera
1058 4590 1150 4641 natos.

526 4686 576 4745 Sin
589 4685 625 4745 ad
637 4682 713 4743 bella
725 4680 818 4759 magis
831 4679 956 4739 studium
969 4690 1134 4759 numaeque
1145 4684 1263 4760 saona,
