3492 6884
512 1766 574 1822 138
642 1751 648 1760 “
811 1760 1007 1822 CULEX.
1199 1770 1308 1837 mut.

513 1915 573 1975 Vos
584 1924 683 1976 manet
693 1916 824 1976 Herolim
836 1928 934 1977 oontra
946 1936 1062 1977 manus:
1083 1916 1133 1977 hic
1144 1925 1175 1977 et
1186 1927 1307 1995 aterque

512 2015 661 2076 AEsddes:
684 2020 784 2078 Peleus
795 2038 921 2097 namque
932 2030 962 2078 et
973 2020 1141 2080 Telamonia
1152 2021 1244 2080 virtus

512 2120 566 2178 Per
576 2120 672 2179 secura
685 2122 772 2200 patris
784 2122 918 2181 letantur
929 2121 1058 2191 numina,
1077 2142 1199 2199 quorum

511 2221 672 2281 Connubiis
684 2224 783 2283 Venus
794 2234 826 2283 et
836 2225 938 2283 Virtus
949 2223 1076 2302 injunxit
1087 2224 1235 2284 honorem.

510 2324 600 2382 Hunc
612 2325 707 2404 rapuit
719 2326 809 2397 serva3
830 2327 870 2385 ast
883 2327 965 2385 illum
977 2328 1081 2385 Nereis
1093 2327 1210 2386 amavit.
1255 2322 1257 2327 ’

510 2425 623 2486 Affidet
633 2428 688 2485 hac
698 2426 821 2505 juvenis,
840 2428 928 2486 sociat
941 2447 1029 2505 quem
1040 2428 1140 2505 gloria,
1160 2427 1250 2501 sortis,

509 2528 595 2600 Aoer,
613 2528 784 2599 inexcuffus,
802 2529 928 2596 reserens
940 2549 957 2588 a
970 2529 1089 2589 naribus
1100 2530 1176 2607 ignis

506 2630 652 2707 Argolicis
665 2631 812 2708 Phrygios,
832 2633 911 2689 torri
923 2630 1038 2690 feritate
1049 2632 1182 2709 repulsos.

508 2730 537 2790 Ο
548 2731 615 2808 quis
627 2750 685 2791 non
698 2732 804 2790 reserat
815 2733 880 2791 talis
892 2732 1013 2791 divortia
1025 2733 1104 2801 belli,

507 2835 584 2892 Quae
594 2832 689 2911 ijae
701 2835 797 2892 videre
809 2833 872 2904 viri,
885 2834 1039 2911 videreque
1050 2832 1143 2893 Graii!

504 2936 627 2993 Teucria
639 2954 706 2993 cum
718 2954 825 3012 magno
837 2946 966 2994 manaret
978 2936 1118 3013 sanguine
1130 2936 1222 3005 tellus,

504 3038 544 3096 Et
555 3036 666 3106 Simois,
686 3038 855 3114 Xanthique
867 3038 974 3114 liquor,
996 3039 1136 3114 Sigeaque
1147 3049 1249 3115 praeter
1351 3109 1355 3119 ¹

505 3139 603 3198 Litora
616 3159 684 3198 carm
694 3140 793 3210 Troas,
813 3138 879 3198 saevi
892 3139 982 3207 ducis,
1001 3140 1133 3199 Honoris
1146 3141 1188 3199 ira

504 3241 611 3301 Videre
623 3242 654 3300 in
667 3241 766 3311 claffis,
785 3241 905 3301 inimica
917 3251 1024 3312 mente,
1044 3242 1172 3319 Pelasgas

400 3345 402 3348 ’
503 3344 641 3413 Vulnera,
661 3344 728 3414 tela,
748 3363 838 3412 neces,
858 3343 943 3420 ignis,
963 3344 1069 3403 inferre
1081 3353 1200 3420 paratos.

502 3446 566 3524 Ipsa
575 3445 653 3524 jugis
666 3465 789 3523 namque
802 3447 853 3505 Ida
865 3455 968 3522 potens
980 3446 1109 3516 feritatis,
1129 3456 1160 3505 et
1172 3446 1232 3523 ipsa

501 3551 602 3626 AEqua
614 3548 690 3609 fanos
701 3549 786 3609 altrix
797 3548 909 3625 cupidis
921 3551 1064 3625 praebebat
1077 3548 1209 3618 alumnis,

501 3652 607 3711 Omnis
620 3662 653 3710 ut
666 3652 696 3710 in
710 3652 819 3710 cineres
831 3650 949 3709 Rhoetei
960 3649 1051 3709 litoris
1064 3668 1112 3708 ora

500 3753 641 3813 Claffibus
653 3752 797 3821 ambustis,
817 3752 933 3810 flammi
945 3752 1104 3827 superante,
1123 3751 1246 3808 daretur.

499 3854 580 3912 Hinc
592 3863 652 3912 erat
665 3854 807 3930 oppofitus
820 3861 918 3911 contra
929 3852 1113 3910 Telamonius
1125 3851 1216 3923 heros,

498 3955 676 4033 Objeitoque
689 3958 774 4015 dabat
786 3956 880 4031 clipeo
891 3956 1059 4025 cortanna,
1080 3965 1110 4013 et
1122 3956 1204 4014 illinc

496 4058 605 4117 Heilor
615 4067 686 4125 erat,
698 4055 792 4133 Trojae
804 4055 949 4114 summum
961 4057 1061 4115 decus:
1087 4076 1151 4115 acer
1164 4069 1295 4136 uterque,

496 4158 679 4218 Fulminibus
690 4158 763 4215 coelo
775 4157 865 4215 veluti
878 4157 976 4235 fragor
987 4158 1080 4217 editus
1092 4159 1164 4231 alto,

494 4258 616 4337 Ignibus
628 4258 677 4317 hic
690 4259 811 4335 telisque
823 4258 918 4336 super,
937 4259 958 4318 fi
971 4259 1102 4319 claffibus
1113 4263 1208 4339 Argos

495 4360 606 4438 Eripiat
619 4360 739 4419 rodinis:
761 4361 812 4440 ille
823 4372 857 4419 ut
866 4361 1010 4420 Vulcania
1022 4362 1098 4421 ferro

494 4463 623 4522 Vulnera
635 4464 767 4541 proteffls
778 4464 921 4540 depellere
934 4464 1053 4524 navibus
1064 4467 1157 4526 instet.

494 4566 560 4624 Hoc
573 4576 634 4625 erat
645 4566 781 4625 AEacides
792 4566 865 4624 alter
877 4566 989 4624 letatus
1003 4567 1123 4627 honore:

494 4665 704 4745 Dardaniaeque
716 4668 787 4728 alter
799 4667 865 4728 seso
878 4669 954 4745 quod
967 4667 1105 4747 unguue
1113 4672 1225 4762 eampis
