3492 6884
542 1815 582 1877 aa
785 1810 1083 1883 Buconica,
1244 1826 1332 1891 my.

541 1969 621 2030 Hinc
628 1971 698 2029 adeo
705 1971 798 2029 media
806 1971 845 2028 est
855 1969 937 2028 nobis
944 1969 990 2028 via
994 1996 1002 2040 5
1018 1988 1141 2045 namque
1150 1967 1312 2047 sepulcrum

541 2072 647 2150 Incipit
659 2073 790 2149 adparere
802 2071 943 2130 Bianoris:
965 2071 1022 2139 bic,
1041 2071 1092 2128 ubi
1104 2071 1202 2129 densm
1223 2072 1226 2082 '

541 2175 683 2251 Agricolae
696 2174 836 2250 stringunt
849 2174 970 2242 frondes,
983 2173 1040 2241 hic,
1052 2171 1147 2241 Moeri,
1161 2192 1309 2245 canamus,

539 2278 599 2336 Hic
612 2277 706 2335 haedo·
718 2276 825 2353 depone
831 2301 840 2345 3
862 2286 957 2332 tamen
969 2273 1115 2331 veniemus
1129 2274 1162 2331 in
1173 2277 1288 2333 urbem:

539 2381 610 2447 Aut,
624 2379 653 2447 sa,
668 2397 725 2435 nox
738 2376 863 2454 pluviam
877 2394 914 2432 ne
925 2374 1051 2451 conligat
1063 2384 1138 2443 ante,
1151 2395 1291 2445 verunur,

539 2482 694 2539 Cantantes
708 2479 775 2535 lioet
787 2477 875 2552 usque
889 2476 997 2551 (minua
1009 2476 1055 2533 via
1068 2476 1164 2550 laedat)
1178 2496 1288 2535 eamus:

539 2582 694 2642 Cantantes
707 2589 740 2637 ut
752 2596 857 2647 eamus,
869 2596 924 2653 ego
935 2577 990 2634 hoc
1003 2585 1031 2633 te
1044 2576 1118 2635 fasce
1130 2578 1238 2638 levabo.

876 2697 991 2735 amara.

539 2783 643 2843 Desine
656 2782 744 2859 plura,
757 2798 840 2857 puer;
859 2791 898 2845 et,
911 2779 987 2854 quod
1000 2798 1077 2836 nunc
1090 2778 1183 2850 instat,
1196 2800 1327 2858 agamus:

537 2884 671 2946 Carmina
686 2893 747 2941 tum
760 2881 869 2950 melius,
883 2899 973 2955 quum
983 2881 1092 2939 venerit
1104 2881 1171 2959 ipse,
1183 2902 1327 2943 canemus.

784 3200 1008 3258 ECLOGA
1039 3201 1077 3258 X.

836 3400 1025 3453 GALLUS.

537 3598 713 3656 Excaenuu
725 3594 968 3677 bunc‚·Arethusa‚
980 3592 1053 3652 mihi
1060 3592 1182 3650 concede
1192 3591 1327 3649 laborem.

536 3701 626 3759 Pauca
640 3718 703 3757 meo
716 3699 808 3767 Gallo,
827 3697 874 3755 scd
888 3716 951 3772 quae
965 3696 1041 3771 legat
1053 3694 1112 3771 ipsa
1127 3692 1250 3770 Lycoris,

535 3800 670 3858 Carmina
683 3799 749 3856 sunt
760 3798 894 3856 dicenda:
917 3807 1003 3873 neget
1015 3795 1079 3873 quis
1090 3794 1215 3853 carmina
1224 3794 1324 3853 Callo?

536 3900 581 3957 Sic
595 3900 657 3967 tibi,
677 3918 766 3975 quum
779 3898 882 3955 fluetus
893 3897 1079 3955 subterlabere
1092 3896 1214 3964 Sicanos,

535 4000 619 4058 Doris
632 4018 724 4057 arnara
737 3999 815 4057 suam
828 4018 886 4056 non
899 3998 1090 4057 intermisceat
1098 3999 1215 4056 undam.
1299 3991 1302 3995 ⁸

534 4101 646 4178 incipe:
668 4101 798 4159 sollicitor
811 4100 887 4159 Galli
899 4100 1025 4158 dicamus
1038 4118 1154 4167 amores,

535 4203 614 4260 Dum
628 4212 722 4260 tenera
735 4203 888 4261 adtondent
903 4202 979 4259 simae
989 4201 1113 4277 virgulta
1126 4200 1249 4277 capellae.
1273 4247 1278 4255 .

535 4304 603 4363 Non
616 4303 742 4362 canimus
756 4303 856 4361 surdis:
880 4303 1048 4381 respondent
1059 4304 1155 4361 omnia
1169 4304 1252 4360 fitvae.
1368 4373 1371 4381 Ι

574 4407 649 4463 Quae
662 4424 786 4474 nemora,
800 4416 849 4463 aut
861 4406 911 4482 qui
924 4425 971 4463 voa
984 4405 1068 4463 saltus
1082 4405 1213 4472 habuere,
1223 4403 1324 4481 puellae

534 4508 651 4576 Naides,
673 4507 792 4584 indigno
805 4528 894 4584 quum
906 4507 1005 4566 Gallus
1018 4526 1113 4566 amore
1125 4507 1245 4585 periret?
1367 4557 1370 4563 .

534 4609 613 4668 Nam
626 4628 717 4686 neque
731 4610 839 4667 Pamafi
850 4610 931 4669 vobis
939 4608 1018 4686 juga,
1032 4628 1099 4667 nam
1112 4628 1203 4686 neque
1216 4608 1299 4668 Pindi

533 4711 602 4772 Ulla
616 4729 724 4771 moram
736 4712 838 4786 fecere,
858 4730 952 4788 neque
963 4711 1059 4771 Aonie
1071 4710 1233 4789 Aganippe.
