3492 6884
511 1772 548 1826 to
751 1763 1052 1835 BUCOL1CA,
1212 1779 1300 1830 aas,

509 1920 601 1977 Lenta
614 1918 717 1995 quibus
728 1929 810 1979 tomo
822 1920 902 1980 facili
916 1918 1092 1998 superaddita
1105 1918 1171 1977 vitis

509 2019 636 2080 Diffiuos
648 2022 731 2081 odeat
740 2023 821 2082 vestit
832 2024 955 2101 pallente
968 2024 1126 2100 corymbos.
1210 2041 1212 2046 ·

509 2123 545 2181 In
559 2124 654 2182 medio
666 2125 723 2182 duo
735 2125 825 2202 signa:
848 2127 959 2194 Conon,
972 2135 1011 2194 et,
1025 2123 1089 2201 quis
1102 2123 1159 2182 fuit
1170 2123 1250 2190 alter,

509 2224 663 2301 Descripsit
675 2226 754 2284 radio
766 2235 859 2286 totum
871 2227 923 2302 qui
935 2227 1069 2303 gentibus
1081 2228 1196 2296 orbem3

509 2328 651 2404 Tempora
661 2347 725 2403 quae
737 2328 846 2400 meffor,
859 2348 924 2405 quae
933 2347 1034 2386 curvus
1046 2337 1137 2385 arator
1149 2326 1281 2385 haberet?

511 2428 657 2488 Necdum
669 2428 725 2489 illis
738 2431 815 2490 labra
828 2430 952 2498 admovi,
964 2430 1012 2487 sed
1023 2429 1136 2488 condita
1149 2429 1236 2487 servo.

826 2550 992 2590 naumis.

511 2633 549 2691 Et
562 2634 643 2691 uobis
655 2633 733 2692 idem
745 2632 917 2692 Alcimedon
930 2634 987 2690 duo
999 2633 1099 2710 pocula
1113 2632 1191 2702 fecit,

510 2737 550 2793 Et
561 2735 642 2793 molli
653 2736 761 2794 circum
772 2735 812 2792 est
824 2734 903 2792 ansas
916 2734 1064 2809 amplexus
1076 2734 1197 2791 acantho
1201 2759 1210 2804 3

511 2836 682 2913 Orpheaque
694 2837 724 2895 in
737 2836 833 2895 medio
844 2835 947 2913 posuit,
962 2835 1098 2911 silvasque
1112 2835 1262 2911 sequentis.

512 2941 577 2998 Nec
591 2942 660 2999 dum
672 2941 730 3000 illis
742 2941 820 2999 labra
832 2939 955 3008 admovi,
968 2939 1015 2997 sed
1027 2939 1142 2997 condita
1154 2940 1243 2997 servo.

511 3042 542 3102 Si
552 3044 588 3101 ad
597 3043 717 3102 vitulam
728 3042 843 3119 spebus,
855 3040 929 3098 nihil
941 3041 989 3108 est,
1000 3041 1076 3116 quod
1085 3042 1186 3117 pocula
1197 3042 1303 3102 laudes.

818 3161 991 3201 uuumcas.

511 3246 683 3322 Nunquam
708 3244 793 3304 hodie
817 3243 953 3320 effugies:
988 3242 1111 3312 veniam,
1133 3262 1303 3321 quocunque

589 3347 706 3406 vociria.

512 3450 623 3511 Audiat
632 3450 693 3509 haec
707 3457 819 3508 tautum
828 3449 882 3517 vel,
895 3448 946 3525 qui
955 3448 1045 3516 venit,
1058 3449 1136 3505 ecce!
1149 3449 1300 3506 Palaemon.

512 3553 645 3614 Efficiam
654 3553 778 3631 posthac,
790 3572 827 3611 ne
839 3570 1013 3629 quemquam
1024 3569 1092 3609 voce
1104 3550 1226 3608 lacessas.

823 3672 989 3712 namma.

513 3758 596 3816 Quin
610 3776 671 3833 age,
685 3756 787 3831 siquid
800 3755 895 3820 habes,
905 3751 937 3810 in
947 3768 1081 3809 memora
1092 3768 1150 3808 non
1163 3749 1218 3808 erit
1230 3752 1285 3809 ulla
1292 3777 1301 3821 3

512 3859 578 3917 Nec
590 3875 763 3933 quemquam
776 3854 871 3929 fugio:
894 3861 1015 3920 tuntum,
1026 3851 1120 3910 vicine
1134 3852 1284 3922 Palaemon,

513 3959 644 4018 Senfibus
656 3958 718 4014 haee
730 3956 805 4024 imis,
819 3973 862 4012 res
874 3953 914 4011 est
926 3972 985 4012 nou
997 3972 1092 4030 parva,
1104 3974 1230 4031 reponas.

822 4075 991 4114 riumuou.

512 4161 624 4223 Dicite:
646 4158 877 4237 quandoquidem
884 4158 916 4217 iu
923 4158 1004 4216 molli
1016 4158 1191 4218 uousedimus
1199 4160 1301 4231 herbi;

512 4266 550 4324 Et
561 4281 639 4322 nuuc
650 4261 743 4320 omnia
756 4279 831 4337 ager,
844 4279 921 4317 nunc
933 4260 1026 4318 omnis
1037 4261 1158 4337 parturit
1169 4263 1262 4331 arbom

512 4367 602 4427 Nunc
613 4365 746 4425 frondent
759 4363 842 4432 filvae,
855 4381 933 4420 nunc
944 4362 1151 4422 formofiffimus
1163 4380 1262 4420 annm.

513 4467 619 4545 Incipe,
630 4468 780 4536 Damoeta3
801 4473 834 4521 tu
847 4464 950 4522 deinde
963 4462 1087 4539 sequere,
1099 4463 1239 4520 Menalca,

514 4570 640 4630 Alternis
653 4568 752 4628 dioetia
759 4591 769 4642 3
790 4574 889 4626 amant
900 4566 1008 4626 alterna
1020 4566 1174 4623 Camoeuae.
