<?xml version="1.0" encoding="UTF-8"?>
<!DOCTYPE html PUBLIC "-//W3C//DTD XHTML 1.0 Transitional//EN"
    "http://www.w3.org/TR/xhtml1/DTD/xhtml1-transitional.dtd">
<html xmlns="http://www.w3.org/1999/xhtml" xml:lang="en" lang="en">
 <head>
  <title>
</title>
<meta http-equiv="Content-Type" content="text/html;charset=utf-8" />
  <meta name='ocr-system' content='tesseract 3.04.00' />
  <meta name='ocr-capabilities' content='ocr_page ocr_carea ocr_par ocr_line ocrx_word'/>
</head>
<body>
  <div class='ocr_page' id='page_1' title='image "./pvirgiliimaroni00wakegoog/pvirgiliimaroni00wakegoog_0258.png"; bbox 0 0 3492 6884; ppageno 0'>
   <div class='ocr_carea' id='block_1_1' title="bbox 585 1758 1388 1831">
    <p class='ocr_par' dir='ltr' id='par_1_1' title="bbox 585 1758 1388 1831">
     <span class='ocr_line' id='line_1_1' title="bbox 585 1758 1388 1831; baseline -0.012 -9"><span class='ocrx_word' id='word_1_1' title='bbox 585 1768 644 1822; x_wconf 75' lang='grc'>248</span> <span class='ocrx_word' id='word_1_2' title='bbox 845 1758 1125 1831; x_wconf 82' lang='lat' dir='ltr'>AENEIDOS,</span> <span class='ocrx_word' id='word_1_3' title='bbox 1296 1763 1388 1826; x_wconf 87' lang='lat' dir='ltr'>v.17.</span> 
     </span>
    </p>
   </div>
   <div class='ocr_carea' id='block_1_2' title="bbox 587 1912 1389 2305">
    <p class='ocr_par' dir='ltr' id='par_1_2' title="bbox 587 1912 1269 2095">
     <span class='ocr_line' id='line_1_2' title="bbox 587 1912 1262 1995; baseline -0.007 -18"><span class='ocrx_word' id='word_1_4' title='bbox 587 1915 699 1977; x_wconf 87' lang='lat' dir='ltr'>Moeuia</span> <span class='ocrx_word' id='word_1_5' title='bbox 711 1915 803 1995; x_wconf 85' lang='lat' dir='ltr'>prima</span> <span class='ocrx_word' id='word_1_6' title='bbox 815 1918 889 1988; x_wconf 90' lang='lat' dir='ltr'>loco,</span> <span class='ocrx_word' id='word_1_7' title='bbox 909 1918 977 1977; x_wconf 78' lang='lat' dir='ltr'>satis</span> <span class='ocrx_word' id='word_1_8' title='bbox 989 1916 1128 1995; x_wconf 78' lang='lat' dir='ltr'>ingress&#39;ur</span> <span class='ocrx_word' id='word_1_9' title='bbox 1140 1912 1248 1991; x_wconf 82' lang='lat' dir='ltr'>iniquia</span> <span class='ocrx_word' id='word_1_10' title='bbox 1252 1935 1262 1983; x_wconf 69' lang='grc' dir='ltr'>ς</span> 
     </span>
     <span class='ocr_line' id='line_1_3' title="bbox 587 2016 1269 2095; baseline -0.007 -18"><span class='ocrx_word' id='word_1_11' title='bbox 587 2020 790 2095; x_wconf 82' lang='lat' dir='ltr'>AEueadnsque</span> <span class='ocrx_word' id='word_1_12' title='bbox 803 2039 868 2078; x_wconf 90' lang='lat' dir='ltr'>meo</span> <span class='ocrx_word' id='word_1_13' title='bbox 884 2039 988 2078; x_wconf 87' lang='lat' dir='ltr'>nornen</span> <span class='ocrx_word' id='word_1_14' title='bbox 1002 2023 1038 2080; x_wconf 90' lang='lat' dir='ltr'>de</span> <span class='ocrx_word' id='word_1_15' title='bbox 1050 2018 1168 2078; x_wconf 89' lang='lat' dir='ltr'>nomine</span> <span class='ocrx_word' id='word_1_16' title='bbox 1180 2016 1269 2093; x_wconf 80' lang='lat' dir='ltr'>fingo.</span> 
     </span>
    </p>

    <p class='ocr_par' dir='ltr' id='par_1_3' title="bbox 589 2120 1389 2305">
     <span class='ocr_line' id='line_1_4' title="bbox 627 2120 1248 2201; baseline -0.003 -21"><span class='ocrx_word' id='word_1_17' title='bbox 627 2123 710 2181; x_wconf 88' lang='lat' dir='ltr'>Sacra</span> <span class='ocrx_word' id='word_1_18' title='bbox 724 2122 852 2181; x_wconf 79' lang='lat' dir='ltr'>Dionaeae</span> <span class='ocrx_word' id='word_1_19' title='bbox 867 2123 954 2182; x_wconf 90' lang='lat' dir='ltr'>matri</span> <span class='ocrx_word' id='word_1_20' title='bbox 968 2122 1099 2201; x_wconf 82' lang='lat' dir='ltr'>divisque</span> <span class='ocrx_word' id='word_1_21' title='bbox 1112 2120 1248 2188; x_wconf 77' lang='lat' dir='ltr'>ferebam,</span> 
     </span>
     <span class='ocr_line' id='line_1_5' title="bbox 589 2219 1389 2305; baseline -0.005 -19"><span class='ocrx_word' id='word_1_22' title='bbox 589 2225 763 2304; x_wconf 82' lang='lat' dir='ltr'>Aulpicibus</span> <span class='ocrx_word' id='word_1_23' title='bbox 779 2236 939 2304; x_wconf 76' lang='lat' dir='ltr'>ereptorum</span> <span class='ocrx_word' id='word_1_24' title='bbox 959 2245 1093 2305; x_wconf 78' lang='lat' dir='ltr'>operum3</span> <span class='ocrx_word' id='word_1_25' title='bbox 1114 2224 1272 2301; x_wconf 81' lang='lat' dir='ltr'>superoque</span> <span class='ocrx_word' id='word_1_26' title='bbox 1291 2219 1389 2282; x_wconf 82' lang='lat' dir='ltr'>niten-</span> 
     </span>
    </p>
   </div>
   <div class='ocr_carea' id='block_1_3' title="bbox 590 2335 1413 3516">
    <p class='ocr_par' dir='ltr' id='par_1_4' title="bbox 590 2335 1413 3516">
     <span class='ocr_line' id='line_1_6' title="bbox 670 2335 1100 2397; baseline 0.002 -10"><span class='ocrx_word' id='word_1_27' title='bbox 670 2335 730 2390; x_wconf 82' lang='lat' dir='ltr'>tem</span> <span class='ocrx_word' id='word_1_28' title='bbox 1085 2363 1100 2397; x_wconf 70' lang='lat'>0</span> 
     </span>
     <span class='ocr_line' id='line_1_7' title="bbox 591 2430 1287 2511; baseline -0.01 -19"><span class='ocrx_word' id='word_1_29' title='bbox 591 2433 763 2493; x_wconf 87' lang='lat' dir='ltr'>Coelicolum</span> <span class='ocrx_word' id='word_1_30' title='bbox 776 2432 838 2511; x_wconf 80' lang='lat' dir='ltr'>regi</span> <span class='ocrx_word' id='word_1_31' title='bbox 851 2432 1010 2490; x_wconf 72' lang='lat' dir='ltr'>maetabam</span> <span class='ocrx_word' id='word_1_32' title='bbox 1023 2431 1053 2489; x_wconf 92' lang='lat' dir='ltr'>in</span> <span class='ocrx_word' id='word_1_33' title='bbox 1067 2430 1150 2495; x_wconf 86' lang='lat' dir='ltr'>litore</span> <span class='ocrx_word' id='word_1_34' title='bbox 1163 2438 1287 2487; x_wconf 89' lang='lat' dir='ltr'>taurum.</span> 
     </span>
     <span class='ocr_line' id='line_1_8' title="bbox 591 2530 1308 2612; baseline -0.013 -18"><span class='ocrx_word' id='word_1_35' title='bbox 591 2536 676 2595; x_wconf 83' lang='lat' dir='ltr'><strong>Forte</strong></span> <span class='ocrx_word' id='word_1_36' title='bbox 689 2535 746 2593; x_wconf 84' lang='lat' dir='ltr'>fuit</span> <span class='ocrx_word' id='word_1_37' title='bbox 755 2534 838 2612; x_wconf 83' lang='lat' dir='ltr'>juxta</span> <span class='ocrx_word' id='word_1_38' title='bbox 852 2534 990 2602; x_wconf 87' lang='lat' dir='ltr'>tumulua,</span> <span class='ocrx_word' id='word_1_39' title='bbox 1009 2553 1068 2610; x_wconf 91' lang='lat' dir='ltr'>quo</span> <span class='ocrx_word' id='word_1_40' title='bbox 1080 2550 1183 2591; x_wconf 91' lang='lat' dir='ltr'>cornea</span> <span class='ocrx_word' id='word_1_41' title='bbox 1196 2530 1308 2587; x_wconf 87' lang='lat' dir='ltr'>summu</span> 
     </span>
     <span class='ocr_line' id='line_1_9' title="bbox 590 2633 1309 2713; baseline -0.011 -18"><span class='ocrx_word' id='word_1_42' title='bbox 590 2636 736 2713; x_wconf 81' lang='lat' dir='ltr'>Virgulta,</span> <span class='ocrx_word' id='word_1_43' title='bbox 755 2646 785 2695; x_wconf 91' lang='lat' dir='ltr'>et</span> <span class='ocrx_word' id='word_1_44' title='bbox 797 2636 889 2694; x_wconf 85' lang='lat' dir='ltr'>densn</span> <span class='ocrx_word' id='word_1_45' title='bbox 900 2635 1046 2695; x_wconf 85' lang='lat' dir='ltr'>hastilibus</span> <span class='ocrx_word' id='word_1_46' title='bbox 1058 2633 1172 2693; x_wconf 89' lang='lat' dir='ltr'>horrida</span> <span class='ocrx_word' id='word_1_47' title='bbox 1185 2641 1309 2709; x_wconf 83' lang='lat' dir='ltr'>myrtua:</span> 
     </span>
     <span class='ocr_line' id='line_1_10' title="bbox 592 2734 1359 2815; baseline -0.009 -16"><span class='ocrx_word' id='word_1_48' title='bbox 592 2740 706 2799; x_wconf 83' lang='lat' dir='ltr'>Adceffi</span> <span class='ocrx_word' id='word_1_49' title='bbox 713 2764 723 2812; x_wconf 73' lang='lat'>5</span> <span class='ocrx_word' id='word_1_50' title='bbox 743 2737 922 2815; x_wconf 83' lang='lat' dir='ltr'>viridemque</span> <span class='ocrx_word' id='word_1_51' title='bbox 934 2741 971 2797; x_wconf 89' lang='lat' dir='ltr'>ab</span> <span class='ocrx_word' id='word_1_52' title='bbox 986 2738 1075 2796; x_wconf 89' lang='lat' dir='ltr'>humo</span> <span class='ocrx_word' id='word_1_53' title='bbox 1087 2736 1247 2795; x_wconf 88' lang='lat' dir='ltr'>convellere</span> <span class='ocrx_word' id='word_1_54' title='bbox 1260 2734 1359 2796; x_wconf 85' lang='lat' dir='ltr'>filvam</span> 
     </span>
     <span class='ocr_line' id='line_1_11' title="bbox 594 2817 1413 2919; baseline -0.005 -19"><span class='ocrx_word' id='word_1_55' title='bbox 594 2843 732 2911; x_wconf 86' lang='lat' dir='ltr'>Conatua,</span> <span class='ocrx_word' id='word_1_56' title='bbox 752 2840 839 2899; x_wconf 72' lang='lat' dir='ltr'>ramis</span> <span class='ocrx_word' id='word_1_57' title='bbox 852 2850 978 2919; x_wconf 80' lang='lat' dir='ltr'>tegerem</span> <span class='ocrx_word' id='word_1_58' title='bbox 993 2850 1026 2899; x_wconf 84' lang='lat' dir='ltr'>ut</span> <span class='ocrx_word' id='word_1_59' title='bbox 1038 2839 1238 2898; x_wconf 66' lang='lat' dir='ltr'>frondentibus</span> <span class='ocrx_word' id='word_1_60' title='bbox 1251 2856 1321 2908; x_wconf 83' lang='lat' dir='ltr'>arar,</span> <span class='ocrx_word' id='word_1_61' title='bbox 1410 2817 1413 2824; x_wconf 35' lang='lat'>⁵</span> 
     </span>
     <span class='ocr_line' id='line_1_12' title="bbox 593 2940 1336 3007; baseline -0.005 -5"><span class='ocrx_word' id='word_1_62' title='bbox 593 2944 779 3003; x_wconf 85' lang='lat' dir='ltr'>Horrendnm</span> <span class='ocrx_word' id='word_1_63' title='bbox 791 2953 821 3001; x_wconf 92' lang='lat' dir='ltr'>et</span> <span class='ocrx_word' id='word_1_64' title='bbox 834 2943 913 3001; x_wconf 70' lang='lat' dir='ltr'>dietu</span> <span class='ocrx_word' id='word_1_65' title='bbox 927 2943 1010 3001; x_wconf 89' lang='lat' dir='ltr'>video</span> <span class='ocrx_word' id='word_1_66' title='bbox 1020 2941 1153 3007; x_wconf 86' lang='lat' dir='ltr'>mirabile</span> <span class='ocrx_word' id='word_1_67' title='bbox 1165 2940 1336 2999; x_wconf 68' lang='lat' dir='ltr'>monstrem.-</span> 
     </span>
     <span class='ocr_line' id='line_1_13' title="bbox 594 3044 1334 3123; baseline -0.009 -16"><span class='ocrx_word' id='word_1_68' title='bbox 594 3046 683 3115; x_wconf 83' lang='lat' dir='ltr'>Nam,</span> <span class='ocrx_word' id='word_1_69' title='bbox 703 3065 768 3123; x_wconf 82' lang='lat' dir='ltr'>quae</span> <span class='ocrx_word' id='word_1_70' title='bbox 780 3045 872 3122; x_wconf 87' lang='lat' dir='ltr'>prima</span> <span class='ocrx_word' id='word_1_71' title='bbox 886 3044 954 3114; x_wconf 90' lang='lat' dir='ltr'>solo,</span> <span class='ocrx_word' id='word_1_72' title='bbox 975 3045 1066 3121; x_wconf 80' lang='lat' dir='ltr'>ruptis</span> <span class='ocrx_word' id='word_1_73' title='bbox 1078 3044 1231 3115; x_wconf 84' lang='lat' dir='ltr'>radicibus,</span> <span class='ocrx_word' id='word_1_74' title='bbox 1250 3045 1334 3101; x_wconf 90' lang='lat' dir='ltr'>arbor</span> 
     </span>
     <span class='ocr_line' id='line_1_14' title="bbox 593 3146 1322 3225; baseline -0.003 -18"><span class='ocrx_word' id='word_1_75' title='bbox 593 3148 731 3217; x_wconf 88' lang='lat' dir='ltr'>Vellitur,</span> <span class='ocrx_word' id='word_1_76' title='bbox 751 3147 821 3206; x_wconf 89' lang='lat' dir='ltr'>huic</span> <span class='ocrx_word' id='word_1_77' title='bbox 832 3159 895 3206; x_wconf 88' lang='lat' dir='ltr'>atro</span> <span class='ocrx_word' id='word_1_78' title='bbox 907 3146 1059 3225; x_wconf 88' lang='lat' dir='ltr'>liquuntur</span> <span class='ocrx_word' id='word_1_79' title='bbox 1072 3146 1210 3224; x_wconf 81' lang='lat' dir='ltr'>sanguiue</span> <span class='ocrx_word' id='word_1_80' title='bbox 1222 3156 1322 3224; x_wconf 69' lang='lat' dir='ltr'>guttae,</span> 
     </span>
     <span class='ocr_line' id='line_1_15' title="bbox 596 3248 1368 3327; baseline -0.005 -17"><span class='ocrx_word' id='word_1_81' title='bbox 596 3252 634 3311; x_wconf 85' lang='lat' dir='ltr'>Et</span> <span class='ocrx_word' id='word_1_82' title='bbox 648 3260 753 3310; x_wconf 89' lang='lat' dir='ltr'>terram</span> <span class='ocrx_word' id='word_1_83' title='bbox 765 3252 832 3309; x_wconf 92' lang='lat' dir='ltr'>tabo</span> <span class='ocrx_word' id='word_1_84' title='bbox 846 3250 1002 3309; x_wconf 87' lang='lat' dir='ltr'>maculant.</span> <span class='ocrx_word' id='word_1_85' title='bbox 1042 3249 1119 3309; x_wconf 88' lang='lat' dir='ltr'><strong>Mihi</strong></span> <span class='ocrx_word' id='word_1_86' title='bbox 1133 3249 1256 3327; x_wconf 80' lang='lat' dir='ltr'>frigidus</span> <span class='ocrx_word' id='word_1_87' title='bbox 1268 3248 1368 3307; x_wconf 88' lang='lat' dir='ltr'>horror</span> 
     </span>
     <span class='ocr_line' id='line_1_16' title="bbox 596 3349 1394 3429; baseline -0.004 -15"><span class='ocrx_word' id='word_1_88' title='bbox 596 3355 730 3414; x_wconf 88' lang='lat' dir='ltr'>Membra</span> <span class='ocrx_word' id='word_1_89' title='bbox 741 3353 844 3429; x_wconf 81' lang='lat' dir='ltr'>quatit,</span> <span class='ocrx_word' id='word_1_90' title='bbox 858 3352 1025 3429; x_wconf 80' lang='lat' dir='ltr'>gelidusque</span> <span class='ocrx_word' id='word_1_91' title='bbox 1035 3350 1094 3411; x_wconf 87' lang='lat' dir='ltr'>coit</span> <span class='ocrx_word' id='word_1_92' title='bbox 1104 3351 1259 3411; x_wconf 82' lang='lat' dir='ltr'>formidine</span> <span class='ocrx_word' id='word_1_93' title='bbox 1268 3349 1394 3429; x_wconf 70' lang='lat' dir='ltr'>sangine.</span> 
     </span>
     <span class='ocr_line' id='line_1_17' title="bbox 597 3455 1285 3516; baseline -0.004 0"><span class='ocrx_word' id='word_1_94' title='bbox 597 3456 703 3516; x_wconf 81' lang='lat' dir='ltr'>Rursus</span> <span class='ocrx_word' id='word_1_95' title='bbox 715 3466 745 3514; x_wconf 93' lang='lat' dir='ltr'>et</span> <span class='ocrx_word' id='word_1_96' title='bbox 758 3456 874 3514; x_wconf 89' lang='lat' dir='ltr'>alterius</span> <span class='ocrx_word' id='word_1_97' title='bbox 886 3455 997 3513; x_wconf 84' lang='lat' dir='ltr'>lentum</span> <span class='ocrx_word' id='word_1_98' title='bbox 1011 3455 1171 3514; x_wconf 88' lang='lat' dir='ltr'>convellere</span> <span class='ocrx_word' id='word_1_99' title='bbox 1187 3455 1285 3513; x_wconf 85' lang='lat' dir='ltr'>vimen</span> 
     </span>
    </p>
   </div>
   <div class='ocr_carea' id='block_1_4' title="bbox 597 3557 1521 3637">
    <p class='ocr_par' dir='ltr' id='par_1_5' title="bbox 597 3557 1521 3637">
     <span class='ocr_line' id='line_1_18' title="bbox 597 3557 1521 3637; baseline -0.006 -18"><span class='ocrx_word' id='word_1_100' title='bbox 597 3560 743 3637; x_wconf 80' lang='lat' dir='ltr'>insequor,</span> <span class='ocrx_word' id='word_1_101' title='bbox 763 3570 793 3617; x_wconf 89' lang='lat' dir='ltr'>et</span> <span class='ocrx_word' id='word_1_102' title='bbox 805 3558 910 3616; x_wconf 85' lang='lat' dir='ltr'>cauffas</span> <span class='ocrx_word' id='word_1_103' title='bbox 922 3557 1038 3634; x_wconf 90' lang='lat' dir='ltr'>penitus</span> <span class='ocrx_word' id='word_1_104' title='bbox 1050 3568 1161 3616; x_wconf 87' lang='lat' dir='ltr'>tentare</span> <span class='ocrx_word' id='word_1_105' title='bbox 1172 3557 1304 3617; x_wconf 78' lang='lat' dir='ltr'>latentiar</span> <span class='ocrx_word' id='word_1_106' title='bbox 1398 3616 1400 3620; x_wconf 70' lang='grc'>,</span> <span class='ocrx_word' id='word_1_107' title='bbox 1517 3562 1521 3570; x_wconf 89' lang='grc'><strong>’</strong></span> 
     </span>
    </p>
   </div>
   <div class='ocr_carea' id='block_1_5' title="bbox 597 3661 1398 4769">
    <p class='ocr_par' dir='ltr' id='par_1_6' title="bbox 597 3661 1396 4047">
     <span class='ocr_line' id='line_1_19' title="bbox 597 3661 1288 3740; baseline -0.009 -15"><span class='ocrx_word' id='word_1_108' title='bbox 597 3667 672 3726; x_wconf 85' lang='lat' dir='ltr'>Ater</span> <span class='ocrx_word' id='word_1_109' title='bbox 684 3676 713 3723; x_wconf 90' lang='lat' dir='ltr'>et</span> <span class='ocrx_word' id='word_1_110' title='bbox 726 3663 842 3722; x_wconf 84' lang='lat' dir='ltr'>alterius</span> <span class='ocrx_word' id='word_1_111' title='bbox 855 3662 984 3738; x_wconf 87' lang='lat' dir='ltr'>sequitur</span> <span class='ocrx_word' id='word_1_112' title='bbox 996 3663 1032 3720; x_wconf 89' lang='lat' dir='ltr'>de</span> <span class='ocrx_word' id='word_1_113' title='bbox 1045 3662 1150 3720; x_wconf 87' lang='lat' dir='ltr'>cortice</span> <span class='ocrx_word' id='word_1_114' title='bbox 1163 3661 1288 3740; x_wconf 80' lang='lat' dir='ltr'>sanguia.</span> 
     </span>
     <span class='ocr_line' id='line_1_20' title="bbox 598 3764 1396 3843; baseline -0.006 -16"><span class='ocrx_word' id='word_1_115' title='bbox 598 3769 695 3827; x_wconf 86' lang='lat' dir='ltr'>Multa</span> <span class='ocrx_word' id='word_1_116' title='bbox 704 3785 823 3825; x_wconf 83' lang='lat' dir='ltr'>movens</span> <span class='ocrx_word' id='word_1_117' title='bbox 834 3765 940 3834; x_wconf 89' lang='lat' dir='ltr'>animo,</span> <span class='ocrx_word' id='word_1_118' title='bbox 949 3764 1101 3843; x_wconf 79' lang='lat' dir='ltr'><strong>Nymphas</strong></span> <span class='ocrx_word' id='word_1_119' title='bbox 1108 3768 1262 3823; x_wconf 88' lang='lat' dir='ltr'>venerabar</span> <span class='ocrx_word' id='word_1_120' title='bbox 1271 3764 1396 3842; x_wconf 74' lang='lat' dir='ltr'>agrestia,</span> 
     </span>
     <span class='ocr_line' id='line_1_21' title="bbox 598 3866 1376 3946; baseline -0.003 -17"><span class='ocrx_word' id='word_1_121' title='bbox 598 3870 815 3946; x_wconf 89' lang='lat' dir='ltr'>Gradivumque</span> <span class='ocrx_word' id='word_1_122' title='bbox 827 3879 948 3945; x_wconf 87' lang='lat' dir='ltr'>patrem,</span> <span class='ocrx_word' id='word_1_123' title='bbox 961 3867 1071 3926; x_wconf 75' lang='lat' dir='ltr'>Geticis</span> <span class='ocrx_word' id='word_1_124' title='bbox 1081 3866 1131 3944; x_wconf 94' lang='lat' dir='ltr'>qui</span> <span class='ocrx_word' id='word_1_125' title='bbox 1144 3867 1275 3944; x_wconf 77' lang='lat' dir='ltr'>praefidet</span> <span class='ocrx_word' id='word_1_126' title='bbox 1288 3867 1376 3939; x_wconf 83' lang='lat' dir='ltr'>arvis;</span> 
     </span>
     <span class='ocr_line' id='line_1_22' title="bbox 599 3970 1279 4047; baseline -0.006 -14"><span class='ocrx_word' id='word_1_127' title='bbox 599 3975 668 4033; x_wconf 87' lang='lat' dir='ltr'>Rite</span> <span class='ocrx_word' id='word_1_128' title='bbox 683 3972 870 4035; x_wconf 85' lang='lat' dir='ltr'>secundarent</span> <span class='ocrx_word' id='word_1_129' title='bbox 883 3970 968 4041; x_wconf 81' lang='lat' dir='ltr'>visus,</span> <span class='ocrx_word' id='word_1_130' title='bbox 988 3990 1129 4047; x_wconf 88' lang='lat' dir='ltr'>omenque</span> <span class='ocrx_word' id='word_1_131' title='bbox 1144 3970 1279 4029; x_wconf 87' lang='lat' dir='ltr'>levarent.</span> 
     </span>
    </p>

    <p class='ocr_par' dir='ltr' id='par_1_7' title="bbox 599 4072 1398 4769">
     <span class='ocr_line' id='line_1_23' title="bbox 627 4072 1234 4152; baseline -0.005 -18"><span class='ocrx_word' id='word_1_132' title='bbox 627 4075 699 4134; x_wconf 89' lang='lat' dir='ltr'>ertia</span> <span class='ocrx_word' id='word_1_133' title='bbox 711 4076 759 4133; x_wconf 93' lang='lat' dir='ltr'>sed</span> <span class='ocrx_word' id='word_1_134' title='bbox 770 4075 917 4152; x_wconf 88' lang='lat' dir='ltr'>postquam</span> <span class='ocrx_word' id='word_1_135' title='bbox 930 4072 1035 4150; x_wconf 90' lang='lat' dir='ltr'>majore</span> <span class='ocrx_word' id='word_1_136' title='bbox 1049 4072 1158 4132; x_wconf 83' lang='lat' dir='ltr'>hastilia</span> <span class='ocrx_word' id='word_1_137' title='bbox 1171 4073 1234 4132; x_wconf 90' lang='lat' dir='ltr'>nisu</span> 
     </span>
     <span class='ocr_line' id='line_1_24' title="bbox 599 4176 1365 4255; baseline -0.004 -17"><span class='ocrx_word' id='word_1_138' title='bbox 599 4176 772 4255; x_wconf 81' lang='lat' dir='ltr'>Adgredior,</span> <span class='ocrx_word' id='word_1_139' title='bbox 792 4176 969 4254; x_wconf 80' lang='lat' dir='ltr'>genibusque</span> <span class='ocrx_word' id='word_1_140' title='bbox 982 4176 1104 4234; x_wconf 80' lang='lat' dir='ltr'>adversae</span> <span class='ocrx_word' id='word_1_141' title='bbox 1120 4176 1250 4235; x_wconf 74' lang='lat' dir='ltr'>oblutior</span> <span class='ocrx_word' id='word_1_142' title='bbox 1263 4195 1365 4248; x_wconf 82' lang='lat' dir='ltr'>arenae,</span> 
     </span>
     <span class='ocr_line' id='line_1_25' title="bbox 602 4277 1360 4359; baseline -0.001 -19"><span class='ocrx_word' id='word_1_143' title='bbox 602 4283 750 4359; x_wconf 82' lang='lat' dir='ltr'>(Eloquar,</span> <span class='ocrx_word' id='word_1_144' title='bbox 770 4297 806 4337; x_wconf 89' lang='lat' dir='ltr'>au</span> <span class='ocrx_word' id='word_1_145' title='bbox 820 4277 949 4351; x_wconf 75' lang='lat' dir='ltr'>srleaml)</span> <span class='ocrx_word' id='word_1_146' title='bbox 964 4277 1090 4355; x_wconf 80' lang='lat' dir='ltr'>gemitus</span> <span class='ocrx_word' id='word_1_147' title='bbox 1104 4279 1286 4338; x_wconf 83' lang='lat' dir='ltr'>lacrimabilis</span> <span class='ocrx_word' id='word_1_148' title='bbox 1298 4279 1360 4340; x_wconf 86' lang='lat' dir='ltr'>imo</span> 
     </span>
     <span class='ocr_line' id='line_1_26' title="bbox 601 4380 1363 4451; baseline -0.005 -6"><span class='ocrx_word' id='word_1_149' title='bbox 601 4384 730 4446; x_wconf 78' lang='lat' dir='ltr'>Auditur</span> <span class='ocrx_word' id='word_1_150' title='bbox 743 4382 864 4451; x_wconf 91' lang='lat' dir='ltr'>tumulo,</span> <span class='ocrx_word' id='word_1_151' title='bbox 884 4390 915 4438; x_wconf 92' lang='lat' dir='ltr'>et</span> <span class='ocrx_word' id='word_1_152' title='bbox 926 4399 983 4438; x_wconf 83' lang='lat' dir='ltr'>vox</span> <span class='ocrx_word' id='word_1_153' title='bbox 995 4380 1105 4439; x_wconf 89' lang='lat' dir='ltr'>reddita</span> <span class='ocrx_word' id='word_1_154' title='bbox 1120 4382 1210 4440; x_wconf 87' lang='lat' dir='ltr'>fertur</span> <span class='ocrx_word' id='word_1_155' title='bbox 1222 4383 1259 4440; x_wconf 88' lang='lat' dir='ltr'>ad</span> <span class='ocrx_word' id='word_1_156' title='bbox 1271 4383 1363 4441; x_wconf 84' lang='lat' dir='ltr'>auria:</span> 
     </span>
     <span class='ocr_line' id='line_1_27' title="bbox 603 4482 1398 4563; baseline -0.005 -15"><span class='ocrx_word' id='word_1_157' title='bbox 603 4488 686 4548; x_wconf 82' lang='lat' dir='ltr'>Quid</span> <span class='ocrx_word' id='word_1_158' title='bbox 693 4484 838 4554; x_wconf 87' lang='lat' dir='ltr'>miserum,</span> <span class='ocrx_word' id='word_1_159' title='bbox 851 4483 957 4552; x_wconf 84' lang='lat' dir='ltr'>AEnea,</span> <span class='ocrx_word' id='word_1_160' title='bbox 970 4482 1091 4544; x_wconf 77' lang='lat' dir='ltr'>lacerae?</span> <span class='ocrx_word' id='word_1_161' title='bbox 1101 4482 1163 4560; x_wconf 87' lang='lat' dir='ltr'>jam</span> <span class='ocrx_word' id='word_1_162' title='bbox 1173 4504 1257 4562; x_wconf 85' lang='lat' dir='ltr'>parce</span> <span class='ocrx_word' id='word_1_163' title='bbox 1271 4484 1383 4563; x_wconf 90' lang='lat' dir='ltr'>sepulto</span> <span class='ocrx_word' id='word_1_164' title='bbox 1387 4510 1398 4557; x_wconf 68' lang='grc' dir='ltr'><strong>ς</strong></span> 
     </span>
     <span class='ocr_line' id='line_1_28' title="bbox 601 4586 1367 4670; baseline -0.005 -17"><span class='ocrx_word' id='word_1_165' title='bbox 601 4594 687 4653; x_wconf 88' lang='lat' dir='ltr'>Parce</span> <span class='ocrx_word' id='word_1_166' title='bbox 698 4590 760 4670; x_wconf 83' lang='lat' dir='ltr'>pias</span> <span class='ocrx_word' id='word_1_167' title='bbox 772 4588 907 4647; x_wconf 82' lang='lat' dir='ltr'>scelerare</span> <span class='ocrx_word' id='word_1_168' title='bbox 920 4605 1032 4645; x_wconf 84' lang='lat' dir='ltr'>manua.</span> <span class='ocrx_word' id='word_1_169' title='bbox 1071 4586 1142 4645; x_wconf 93' lang='lat' dir='ltr'>Non</span> <span class='ocrx_word' id='word_1_170' title='bbox 1155 4607 1201 4645; x_wconf 88' lang='lat' dir='ltr'>me</span> <span class='ocrx_word' id='word_1_171' title='bbox 1215 4588 1269 4647; x_wconf 93' lang='lat' dir='ltr'>tibi</span> <span class='ocrx_word' id='word_1_172' title='bbox 1279 4588 1367 4666; x_wconf 88' lang='lat' dir='ltr'>Troja</span> 
     </span>
     <span class='ocr_line' id='line_1_29' title="bbox 601 4688 1360 4769; baseline -0.004 -12"><span class='ocrx_word' id='word_1_173' title='bbox 601 4698 762 4757; x_wconf 84' lang='lat' dir='ltr'>Externum</span> <span class='ocrx_word' id='word_1_174' title='bbox 775 4691 844 4752; x_wconf 86' lang='lat' dir='ltr'>tulit</span> <span class='ocrx_word' id='word_1_175' title='bbox 847 4716 857 4764; x_wconf 86' lang='lat'>;</span> <span class='ocrx_word' id='word_1_176' title='bbox 878 4702 929 4750; x_wconf 93' lang='lat' dir='ltr'>aut</span> <span class='ocrx_word' id='word_1_177' title='bbox 941 4708 1024 4749; x_wconf 88' lang='lat' dir='ltr'>cruor</span> <span class='ocrx_word' id='word_1_178' title='bbox 1036 4688 1083 4750; x_wconf 86' lang='lat' dir='ltr'>hic</span> <span class='ocrx_word' id='word_1_179' title='bbox 1096 4690 1133 4749; x_wconf 92' lang='lat' dir='ltr'>de</span> <span class='ocrx_word' id='word_1_180' title='bbox 1144 4688 1240 4769; x_wconf 85' lang='lat' dir='ltr'>stipite</span> <span class='ocrx_word' id='word_1_181' title='bbox 1251 4702 1360 4754; x_wconf 84' lang='lat' dir='ltr'>manat.</span> 
     </span>
    </p>
   </div>
   <div class='ocr_carea' id='block_1_6' title="bbox 0 0 1782 6884">
    <p class='ocr_par' dir='ltr' id='par_1_8' title="bbox 0 0 1782 6884">
     <span class='ocr_line' id='line_1_30' title="bbox 0 0 1782 6884; baseline 0 0"><span class='ocrx_word' id='word_1_182' title='bbox 0 0 1782 6884; x_wconf 95' lang='lat' dir='ltr'> </span> 
     </span>
    </p>
   </div>
  </div>
 </body>
</html>
