3492 6884
521 1747 560 1812 72
753 1736 1080 1809 Gssonclcom
1206 1747 1313 1802 mm.

518 1896 593 1955 AEre
605 1892 746 1952 renidenti
760 1895 859 1966 tellum
882 1913 934 1952 nec
946 1895 1016 1952 dum
1028 1892 1142 1952 horrida
1154 1894 1276 1955 miscent

519 1995 629 2062 Proelia,
650 1995 697 2052 sed
711 1995 814 2054 dubius
826 1997 928 2055 mediis
938 1998 1018 2055 Mam
1030 2006 1105 2054 errat
1117 1996 1149 2054 in
1162 1997 1261 2055 armis:

517 2096 624 2155 Omnia
637 2096 693 2154 sint
705 2097 818 2172 paribus
830 2097 956 2156 numetis
969 2096 1095 2155 dimensa
1108 2097 1227 2168 viarum,

515 2198 587 2257 Non
600 2197 729 2257 animum
743 2200 829 2257 modo
841 2200 886 2257 nti
899 2198 994 2277 pascat
1006 2199 1167 2277 prospectus
1179 2200 1296 2281 inanem
1301 2226 1310 2274 3

515 2301 571 2359 Sed
583 2300 651 2376 quia
664 2320 722 2358 non
736 2301 820 2359 aliter
832 2302 905 2359 vires
918 2302 998 2360 dabit
1011 2303 1144 2361 omnibus
1156 2322 1251 2379 aequan

513 2403 612 2473 Terra,
620 2402 881 2479 nequeinvacuum
886 2413 1021 2480 potemnt
1032 2402 1060 2463 se
1067 2405 1220 2462 extendere
1227 2404 1311 2464 rami.

551 2504 678 2564 Forfitnn
691 2515 729 2575 et,
742 2491 888 2563 scrobibun
900 2524 964 2580 quae
977 2504 1033 2563 fint
1044 2484 1165 2582 fastigia,
1178 2525 1296 2581 quaeras.

512 2607 616 2665 Aufim
627 2607 673 2664 vel
685 2608 766 2665 tenui
779 2607 868 2664 vitem
880 2607 1049 2666 conmittere
1062 2607 1153 2665 sulco:

512 2708 611 2767 Altior
622 2728 656 2766 ac
667 2708 781 2785 penitus
794 2720 876 2767 terrae
888 2708 1024 2787 defigitur
1036 2712 1133 2780 arbom

512 2810 648 2870 AEsculm
657 2811 691 2869 in
701 2810 815 2888 primis:
838 2830 902 2888 quae
913 2822 1051 2888 quantum
1064 2813 1171 2870 vertice
1181 2814 1217 2870 ad
1227 2832 1309 2871 auran

512 2910 668 2983 AEther'ias,
689 2921 803 2971 tantum
815 2914 910 2971 radice
922 2913 954 2971 in
965 2915 1084 2973 Tartara
1098 2915 1201 2973 tendit.

511 3016 590 3093 Ergo
603 3033 660 3074 non
673 3015 781 3073 hiemes
795 3015 886 3085 illam,
904 3034 962 3073 non
975 3016 1074 3084 flabra,
1087 3034 1180 3091 neque
1189 3016 1307 3090 imbres,

510 3117 687 3176 convellunt
692 3142 701 3190 5
722 3118 832 3175 inmota
846 3128 953 3187 manet,
972 3117 1134 3192 multosque
1147 3127 1273 3194 nepotes,

509 3221 607 3280 Multa
620 3220 716 3279 viritm
728 3221 843 3278 volvens
857 3219 984 3277 durando
998 3218 1108 3288 saecula,
1129 3219 1235 3279 vincit:

402 3387 407 3397 ,
509 3322 597 3394 Tum,
618 3322 699 3381 fortis
711 3323 770 3380 late
782 3341 875 3380 ramos
888 3331 917 3379 et
930 3321 1045 3379 brachia
1059 3322 1179 3381 tendens

509 3425 578 3483 Huc
590 3425 669 3497 illuc,
684 3424 778 3483 media
790 3424 859 3503 ipsa,
874 3424 1024 3501 ingentem
1036 3422 1151 3481 sustinet
1161 3425 1304 3482 umbram,

547 3528 630 3586 Neve
644 3527 697 3585 tibi
709 3528 746 3586 ad
759 3527 846 3585 solem
861 3535 979 3604 vergant
991 3526 1088 3583 vineta
1102 3526 1252 3584 cadentem
1259 3551 1269 3597 5

507 3630 591 3690 Neve
603 3602 679 3690 inter
693 3630 765 3689 vitea
777 3630 909 3714 corulnm
921 3628 992 3686 sere:
1015 3646 1087 3685 neve
1099 3626 1213 3703 flagella

507 3732 623 3792 Summa
634 3743 710 3810 pete,
724 3730 897 3790 autsummt
910 3728 1051 3807 destringe
1062 3749 1098 3787 ex
1111 3731 1211 3789 arbore
1220 3730 1302 3806 plan·

586 3844 645 3904 12³5

503 3936 615 3994 Tantus
628 3953 708 3993 amor
721 3934 815 3991 terrae!
838 3951 896 3991 neu
908 3917 982 3990 serto
995 3933 1067 3990 laede
1079 3932 1173 3991 retuso

445 4041 449 4049 ‘
504 4037 632 4108 Semina3
655 4054 727 4096 neve
739 4036 809 4093 oleae
822 4035 950 4092 silvestris
962 4034 1054 4092 insere
1068 4045 1196 4095 truncos:

502 4139 534 4197 N
535 4158 581 4197 am
595 4139 667 4215 saepe
680 4137 804 4197 incautis
816 4137 973 4215 pastoribus
986 4138 1096 4195 excidit
1109 4137 1196 4214 ignis,

503 4239 576 4309 eui,
596 4240 696 4298 furtim
711 4239 814 4317 pingui
827 4238 954 4315 primum
966 4239 1018 4297 sub
1031 4222 1248 4311 cortioetedtus,

502 4342 615 4401 Robora
628 4341 805 4417 conprendit,
826 4342 998 4415 frondesque
1015 4341 1124 4419 elapsus
1137 4342 1168 4399 in
1182 4344 1252 4404 altae

500 4447 654 4523 Ingentem
666 4444 739 4502 coelo
752 4443 878 4506 sonitum
890 4441 979 4514 dedit,
999 4445 1067 4502 inde
1080 4444 1215 4521 sequutus

500 4549 554 4609 Per
565 4566 657 4607 ramos
669 4546 758 4605 vidior
769 4564 877 4622 perque
889 4546 946 4603 alta
959 4547 1107 4605 cacumina
1120 4555 1230 4623 regnat,

500 4653 538 4710 Et
550 4662 645 4711 totum
656 4649 779 4710 involvit
791 4648 915 4709 flammis
928 4667 1038 4721 nemus,
1051 4658 1081 4708 et
1094 4649 1256 4710 ruitatram
