3492 6884
539 1743 599 1794 nno
798 1717 1077 1805 AENE1D05,
1193 1734 1335 1817 ¹v.117.

540 1890 641 1949 Quum
655 1887 780 1966 primurn
793 1889 896 1949 Iliacas
908 1891 1003 1949 Danai
1016 1888 1131 1948 venistis
1143 1888 1180 1946 ad
1192 1904 1255 1945 oras
1261 1908 1271 1955 ;

540 1991 685 2068 Sanguine
698 1993 843 2069 quaerendi
856 1994 975 2063 reditus,
994 1993 1147 2068 animique
1159 1989 1302 2048 litandum

539 2093 685 2171 fflgolicl.
726 2095 814 2172 Volgi
827 2115 892 2171 quae
904 2115 960 2154 vox
974 2106 1007 2154 ut
1020 2095 1099 2154 venit
1112 2093 1149 2152 ad
1161 2092 1246 2165 aup's,
1334 2128 1336 2134 ·

539 2195 717 2275 Obstupuere
729 2197 829 2268 animi,
850 2198 1019 2275 gelidusque
1031 2214 1082 2275 per
1093 2195 1152 2254 ima
1166 2191 1296 2252 cucurrit

539 2297 607 2359 Ossa
621 2311 727 2358 tremor
730 2325 740 2371 3
762 2299 811 2358 cul
823 2299 883 2358 fata
892 2310 1002 2377 parent,
1015 2317 1102 2376 quem
1113 2296 1210 2375 poscat
1220 2294 1337 2372 Apollo.

539 2401 599 2463 Hic
611 2402 727 2461 Ithacus
739 2411 835 2460 vatem
847 2385 954 2480 magno
967 2401 1126 2461 Calchanta
1140 2397 1268 2456 tumultu
1355 2430 1367 2455 .

540 2504 680 2564 Protrahit
692 2505 724 2563 in
738 2504 860 2562 medios:
884 2523 949 2581 quar
961 2503 1017 2562 fint
1030 2522 1064 2562 ea
1077 2501 1198 2561 numina
1210 2499 1319 2570 divom,

539 2606 675 2683 Flagitat.
714 2608 753 2664 Et
765 2606 839 2663 mihi
846 2604 908 2681 jam
922 2606 1007 2665 multi
1019 2606 1134 2665 crudele
1149 2605 1292 2662 canebant

540 2708 670 2767 Artificis
688 2707 786 2776 scelus,
806 2718 835 2766 et
849 2709 930 2767 taciti
943 2720 1063 2767 ventura
1075 2707 1222 2766 videbant.

541 2811 589 2869 Bia
601 2810 702 2886 quinos
716 2811 778 2868 silet
790 2811 839 2868 ille
852 2811 921 2880 dier,
941 2811 1088 2887 tectusque
1101 2807 1211 2868 recusat

540 2914 661 2971 Prodere
673 2930 743 2971 voce
756 2911 805 2970 sul
818 2932 1002 2989 quemquam,
1022 2922 1072 2971 aut
1086 2929 1229 2989 opponere
1242 2908 1339 2968 morti.

539 3015 600 3073 Vix
613 3015 739 3083 tandem,
759 3015 872 3091 magnii
885 3015 979 3073 Ithaci
992 3014 1164 3073 clamoribus
1175 3013 1264 3082 aeus,

541 3118 696 3195 Conposrto
708 3116 817 3193 rumpit
830 3136 940 3185 vocem,
960 3125 990 3175 et
1003 3136 1050 3175 me
1062 3117 1183 3175 destinat
1197 3134 1263 3174 arae.

539 3219 697 3282 Adsensere
710 3223 822 3290 omnem
843 3228 882 3286 et,
901 3238 966 3295 quae
980 3218 1031 3277 fibi
1044 3219 1165 3296 quiaque
1178 3216 1308 3287 timebat,

541 3323 636 3382 Unius
643 3322 678 3380 'in
691 3320 787 3380 miseri
800 3321 924 3378 exitium
936 3321 1068 3379 conversa
1084 3319 1183 3379 tulere.

542 3427 664 3504 Jamque
677 3425 737 3483 (lies
749 3423 868 3481 infanda
882 3423 994 3493 aderat;
1016 3422 1089 3480 mihi
1103 3421 1180 3480 sacra
1192 3420 1295 3500 parari,

542 3529 580 3586 Et
594 3526 670 3585 salsae
683 3527 790 3604 smges,
811 3536 840 3583 et
853 3524 962 3582 circum
975 3535 1103 3602 tempora
1116 3525 1205 3582 vittae.

543 3631 653 3709 Eripui‚
674 3631 774 3699 fateor,
794 3629 852 3687 leto
865 3648 922 3698 me,
942 3638 972 3686 et
984 3629 1098 3685 vincula
1112 3627 1176 3704 rupi
1185 3651 1194 3696 ς

543 3733 714 3809 Limosoque
728 3733 792 3791 lacu
805 3752 856 3809 per
868 3732 990 3802 nostem,
1011 3731 1144 3789 obscurus
1156 3731 1189 3789 in
1201 3729 1278 3798 ulva,

543 3836 664 3906 Delitui‚
685 3836 755 3894 dum
767 3835 839 3903 vela,
859 3834 993 3892 darentsi
1013 3833 1096 3904 sorte,
1116 3831 1263 3890 dedissent.
1332 3836 1334 3839 ’

543 3939 609 3996 Nec
623 3938 695 3997 mihi
704 3937 765 4015 jam
778 3937 901 4015 patriam
913 3937 1062 4013 antiquam
1074 3935 1135 4013 sper
1145 3935 1204 3995 ulla
1215 3934 1343 4004 videndi,

544 4041 609 4097 Nec
623 4039 714 4096 dulcis
726 4051 816 4106 natos,
829 4048 1052 4115 exoptatumque
1065 4049 1225 4115 parentem

545 4143 628 4200 Quos
641 4141 683 4198 illi
698 4139 791 4197 forsan
805 4159 903 4216 poenas
915 4142 953 4197 ob
968 4140 1058 4198 nostra
1071 4139 1219 4218 reposcent

545 4242 669 4319 Effugia,
683 4251 713 4299 et
723 4241 837 4318 culpam
849 4240 923 4300 hanc
933 4241 1100 4300 miserorum
1110 4252 1201 4300 morte
1211 4239 1343 4318 piabunt.

545 4346 634 4404 Quod
648 4355 685 4415 te,
706 4362 757 4421 per
769 4343 892 4420 superos,
913 4352 942 4401 et
954 4344 1066 4402 conscia
1079 4344 1199 4402 numina
1211 4343 1290 4415 veri,

544 4451 605 4520 Per,
620 4449 707 4525 srqua
718 4446 767 4515 esi,
777 4466 841 4523 quae
852 4445 933 4504 restet
943 4447 1036 4504 adhuc
1047 4446 1214 4505 mortalibus
1221 4464 1344 4522 usquam

544 4554 717 4612 Intemerata
731 4549 810 4616 fides,
829 4567 888 4616 oro,
908 4548 1040 4606 miserere
1056 4549 1188 4612 laborum

543 4656 719 4728 Tantorum5
742 4652 872 4712 miserere
886 4649 986 4721 animi,
1005 4669 1063 4710 non
1076 4650 1164 4728 digna
1177 4649 1304 4713 serentis.
1330 4698 1335 4706 .
