3492 6884
773 1751 981 1801 NOTULAE.

472 1900 508 1939 tor
519 1905 598 1939 verum
608 1891 729 1953 genitorem
739 1893 869 1956 ‘Cyrenes’
880 1897 920 1943 esse
930 1897 1044 1943 ‘Peneum
1052 1894 1069 1943 ε’
1086 1908 1140 1941 mox
1154 1890 1230 1941 autim
1245 1894 1283 1941 in·

472 1978 532 2026 dodii
543 1980 624 2039 scribe,
640 1982 756 2029 metricam
772 1984 880 2031 rationem
896 1985 998 2033 didiionis
1007 1989 1014 2015 ⁴
1023 1984 1090 2031 Penei
1099 1984 1107 2005 ’
1118 1999 1163 2030 non
1173 1994 1282 2040 tenentes,

472 2064 674 2132 interpretationem
691 2068 760 2133 ipsam
777 2072 904 2120 intextum
920 2084 1055 2136 receperunt,
1071 2068 1158 2119 exemti
1168 2068 1221 2118 veri
1236 2072 1284 2119 iec-

472 2158 540 2205 tione.
572 2159 607 2205 De
617 2154 717 2207 nicensi
729 2175 774 2207 non
785 2159 904 2207 reformido
912 2160 1023 2223 judicium
1035 2161 1168 2209 noeriorum.

503 2245 560 2293 Ver.
570 2257 629 2308 425.
651 2248 760 2295 librarios
775 2249 799 2295 in
810 2248 900 2296 vocibus
915 2249 1032 2311 ‘rapidus’
1044 2260 1066 2296 tt
1078 2248 1194 2295 ‘rabidus'
1206 2248 1282 2311 paiiim

473 2334 565 2393 turbari,
575 2337 624 2399 quis
633 2336 715 2384 nescit?
732 2348 755 2384 et
763 2348 808 2385 erat
818 2338 995 2400 expediandurn:
1013 2337 1047 2383 sed
1056 2337 1083 2384 de
1093 2341 1101 2368 ‘
1111 2337 1190 2393 strio:
1205 2335 1283 2399 utpotd

471 2427 481 2455 ί
487 2423 555 2481 cane,'
565 2424 630 2470 verbo
640 2422 730 2482 faciens,
746 2436 769 2473 et
781 2426 875 2489 prudens
884 2438 906 2473 et
916 2428 1000 2487 elegans
1011 2425 1083 2489 poeta,
1099 2441 1144 2473 non
1154 2426 1227 2487 potuit
1238 2442 1284 2473 non

475 2512 576 2560 adbibere
585 2512 714 2571 didiionem,
730 2530 797 2576 quam
809 2514 842 2563 ilii
853 2517 1005 2562 redonavimus
1014 2530 1040 2562 ex
1051 2511 1184 2577 conjodiuri.
1216 2513 1285 2563 Haid

473 2599 537 2649 diter
547 2602 662 2660 Horatius,
678 2603 725 2650 od.
737 2604 770 2650 iii.
781 2617 820 2666 29.
837 2602 874 2653 18.

602 2723 800 2740 ..........
814 2692 864 2754 jam
876 2693 994 2755 ‘Procyon
1007 2690 1076 2751 funt:

569 2751 582 2778 ⁶
633 2780 663 2827 Et
674 2781 733 2827 stella
743 2780 832 2827 ‘vesani
843 2781 945 2828 laeonise'

474 2883 542 2931 quern
555 2867 677 2915 subsecutus
686 2868 772 2916 Perfius
781 2869 811 2917 eii
823 2869 855 2916 iii.
873 2882 895 2930 ς.

626 2984 809 3005 ........
826 2956 890 3004 suocas
901 2957 989 3004 ‘insana
1000 2956 1124 3005 Canicuia’
1136 2956 1212 3005 medes

599 3046 653 3111 Jam
664 3044 748 3093 dodim
759 3046 842 3109 coquit.

473 3132 592 3191 Manilius,
607 3149 630 3180 v.
642 3133 700 3181 208.

598 3221 746 3284 Exoriturque
756 3222 833 3279 Canis,
848 3224 972 3287 ‘iatratque
982 3223 1104 3271 Canicuia’
1121 3223 1250 3285 flammam,

599 3311 628 3357 Et
639 3315 647 3343 ‘
657 3310 728 3358 rabit'
739 3311 788 3372 igue
798 3314 844 3359 suo.

471 3399 585 3456 Lucanus,
602 3416 624 3448 x.
643 3412 699 3447 err.

601 3517 806 3538 .........
818 3492 827 3520 ‘
839 3489 936 3537 rabidos'
946 3485 990 3553 qui
1000 3493 1009 3521 ⁴
1018 3488 1087 3538 Sirius
1096 3488 1155 3550 ignes

603 3577 705 3625 Exserit:

471 3662 503 3712 iti
517 3666 648 3728 legendum:
663 3667 761 3713 consulas
772 3666 802 3713 ibi
813 3666 1005 3730 Oudendorpium,
1019 3676 1042 3712 et
1051 3665 1078 3713 nd
1088 3667 1118 3712 vi.
1138 3663 1176 3712 ⁶6.
1187 3675 1209 3713 et
1222 3679 1278 3729 337.

470 3769 510 3800 noe
522 3770 566 3801 non
577 3770 616 3802 nos
627 3755 650 3801 in
660 3752 719 3803 silvi
730 3751 824 3813 Critiei,
840 3754 892 3802 sedi.
900 3754 962 3801 cxix.
987 3753 1081 3801 Pulchri
1091 3755 1171 3803 Cicem
1182 3756 1206 3804 in
1217 3750 1277 3803 Ara·

470 3842 511 3890 teis
521 3842 547 3890 de
557 3843 599 3890 hoc
609 3842 688 3890 fidere:

600 3933 659 3990 Nec,
669 3942 716 3980 toto
727 3930 807 3994 spirans
817 3935 826 3963 ‘
835 3932 922 3979 rabido'
932 3931 958 3979 de
968 3931 1089 3994 ‘corpore'
1099 3931 1227 3993 flammam,

600 4019 716 4068 AEstiieros
726 4021 804 4070 validis
814 4021 912 4085 erumpit
923 4020 1010 4068 flatibus
1022 4020 1092 4081 ignes.

474 4108 522 4156 Nos
532 4125 584 4156 mox
596 4111 659 4172 plura
670 4110 696 4157 ad
708 4110 848 4169 Lucretium,
859 4126 882 4156 v.
894 4109 950 4173 890.

503 4200 557 4246 Ver.
568 4202 625 4260 484.
647 4200 746 4247 Conatus
763 4202 812 4245 sum
830 4199 955 4247 restitutum
968 4201 1018 4248 dare
1028 4216 1057 4249 ex
1068 4196 1195 4263 conjeciuri
1206 4201 1281 4266 deplo-

476 4298 550 4336 ratum
562 4290 644 4336 iocum.
678 4286 787 4336 Similitir
798 4290 866 4336 Maro
876 4290 899 4336 in
911 4291 964 4338 Ecl.
973 4292 1024 4339 viii.
1035 4304 1077 4351 pr.

600 4378 699 4437 Frigidus
710 4378 732 4424 in
746 4378 811 4441 pratis
822 4381 831 4409 ‘
838 4379 957 4426 cantando’
973 4381 1086 4444 rumpitur
1095 4381 1180 4441 anguis.

473 4466 565 4524 Rursus,
581 4468 637 4515 AEn.
649 4469 679 4514 vi.
699 4481 752 4530 539.

598 4557 651 4604 Nox
662 4557 717 4615 ruit,
733 4556 820 4606 AEnee:
839 4573 879 4605 nos
889 4561 897 4589 ‘
906 4556 988 4606 flendo'
1001 4558 1104 4606 ducimus
1114 4558 1194 4606 horas:

470 4643 544 4694 noser
554 4641 623 4693 etiim
633 4645 686 4694 AEn.
699 4646 740 4693 aii.
754 4643 796 4707 4⁶.

839 4748 854 4782 a
