3492 6884
577 1754 636 1846 :ai
837 1785 1115 1857 ranarnos,
1269 1743 1378 1849 assa.

576 1940 687 2011 stride,
706 1937 804 2018 parata
817 1941 899 1999 neci:
923 1941 972 2000 vix
986 1941 1073 2020 primi
1085 1941 1186 2020 proelia
1199 1951 1315 2002 tentant

574 2045 723 2103 Portarum
736 2043 847 2121 vigiles,
867 2055 897 2102 et
911 2064 988 2103 caeco
999 2045 1096 2104 Marte
1108 2044 1247 2104 refiliuut.

572 2146 694 2205 Talibus
706 2146 863 2223 Othryadae
876 2147 967 2216 dietis,
987 2158 1016 2206 et
1030 2148 1149 2206 numine
1161 2148 1272 2217 divom,

569 2250 604 2307 ln
621 2250 752 2308 flammas
765 2261 795 2306 et
807 2249 838 2307 in
852 2270 930 2308 anua
944 2250 1027 2321 feror,
1047 2271 1106 2328 quo
1120 2251 1206 2310 tristis
1220 2251 1352 2329 Erinnys,

571 2353 642 2413 Quo
655 2352 787 2411 fremitus
800 2368 892 2422 vocat,
905 2363 935 2410 et
948 2353 1074 2412 sublatus
1086 2354 1122 2412 ad
1136 2354 1242 2413 aethera
1253 2354 1372 2414 clamor.

570 2457 696 2516 Addunt
709 2456 738 2513 se
751 2456 838 2514 socios
852 2457 987 2532 Rhipeus,
1008 2466 1038 2515 et
1051 2475 1203 2515 maxumus
1216 2457 1303 2517 armis

570 2560 695 2636 Epytus:
718 2559 807 2617 oblati
820 2578 871 2637 per
884 2559 983 2617 lunam
995 2560 1183 2638 Hypanisque
1196 2560 1372 2638 Dymasque,

571 2663 609 2721 Et
621 2662 703 2720 lateri
716 2663 914 2740 adglomerant
924 2663 1032 2735 nostro:
1050 2661 1222 2740 juvenisque
1231 2664 1370 2723 Coroebtu

571 2765 780 2843 Mygdonides:
803 2763 859 2823 illis
873 2766 909 2823 ad
922 2763 1039 2842 Trojam
1051 2766 1125 2825 forte
1137 2766 1238 2826 diebus

571 2868 707 2937 Venerat,
727 2867 827 2926 insano
840 2868 1001 2926 Callandrae
1011 2866 1143 2963 incensup
1156 2888 1270 2942 amore,-

549 2992 552 2996 ’
571 2971 609 3029 Et
622 2989 711 3048 gener
722 2970 863 3029 auxilium
878 2970 997 3040 Priamo,
1011 2971 1235 3050 Phrygibusque,
1247 2974 1368 3035 ferebat:

570 3073 692 3132 Infelix!
714 3073 765 3151 qui
778 3093 836 3131 uon
850 3073 958 3152 sponsae
970 3087 1111 3154 praeoepta
1124 3075 1246 3135 furentis

569 3177 716 3236 Audierit.

572 3280 656 3339 Quos
668 3280 719 3338 ubi
733 3280 876 3339 confertos
887 3282 990 3340 audere
1002 3281 1033 3340 in
1046 3282 1147 3360 proelia
1159 3282 1236 3357 vidi,

570 3384 684 3462 Incipio
697 3385 778 3461 super
791 3384 849 3441 his:
870 3386 1004 3463 Juvenes,
1024 3386 1171 3445 fortiffima
1183 3387 1284 3446 frustra

570 3488 695 3556 Pediora,
716 3488 735 3545 s:
749 3488 829 3545 vobis
842 3490 996 3547 audentem
1010 3499 1136 3547 extrema
1150 3490 1257 3568 cupido

570 3592 655 3649 Certa
669 3592 762 3667 sequi:
785 3596 864 3667 (quae
879 3592 911 3648 fit
925 3594 1008 3650 rebus
1021 3591 1134 3651 fortuna
1148 3592 1264 3652 videtis:

568 3695 715 3754 Exceliere
728 3715 836 3764 omnes,
856 3695 949 3772 adytis
961 3695 1072 3772 arisque
1085 3694 1198 3766 relidis,

566 3799 616 3865 Di,
629 3800 732 3875 quibus
742 3798 898 3875 imperium
911 3799 966 3855 hoc
979 3799 1104 3856 steterat:
1128 3798 1289 3858 succurritis
1299 3787 1372 3859 urbi

563 3901 704 3974 incensa)
720 3901 886 3970 moriamur,
906 3901 980 3958 etin
993 3901 1086 3961 media
1100 3921 1177 3960 arma
1190 3922 1321 3964 ruamus:

565 4004 632 4061 Una
646 4004 718 4061 salus
732 4005 821 4074 vinis,
843 4004 953 4061 nullam
967 4005 1074 4082 sperare
1088 4004 1218 4063 salutem.

563 4106 609 4162 Sic
623 4106 726 4162 animis
735 4104 875 4181 juvenum
890 4108 971 4164 furor
982 4108 1105 4167 additus.
1136 4109 1216 4179 lude,
1235 4109 1297 4187 lupi
1308 4129 1361 4169 ceu

563 4209 700 4285 Raptores
713 4209 772 4265 atri
787 4208 815 4264 iu
831 4210 945 4276 nebula,
964 4230 1035 4286 quos
1046 4210 1165 4288 inproba
1176 4213 1284 4271 ventris

561 4310 668 4387 Exegit
681 4329 770 4368 caecos
783 4311 884 4381 rabies,
905 4314 1050 4390 catulique
1063 4315 1154 4373 :cliui

559 4415 702 4473 Faucibus
715 4413 879 4492 exspatiant
893 4416 985 4488 siccis,
1007 4436 1058 4494 per
1071 4419 1137 4487 tela,
1157 4438 1207 4495 per
1220 4420 1315 4488 hostis,

558 4519 700 4577 Vadimus
719 4519 795 4576 haud
808 4519 925 4577 dubiam
939 4520 969 4578 in
984 4531 1120 4579 mortem:
1143 4522 1302 4600 medieque
1316 4536 1358 4581 te·

637 4641 738 4680 nemus

559 4725 647 4784 Urbis
659 4725 727 4784 iter:
750 4725 819 4784 Nox
833 4735 893 4784 atra
907 4727 975 4785 cavi
988 4726 1174 4786 circumvolat
1186 4712 1297 4788 umbri.
1344 4781 1346 4783 .
