<?xml version="1.0" encoding="UTF-8"?>
<!DOCTYPE html PUBLIC "-//W3C//DTD XHTML 1.0 Transitional//EN"
    "http://www.w3.org/TR/xhtml1/DTD/xhtml1-transitional.dtd">
<html xmlns="http://www.w3.org/1999/xhtml" xml:lang="en" lang="en">
 <head>
  <title>
</title>
<meta http-equiv="Content-Type" content="text/html;charset=utf-8" />
  <meta name='ocr-system' content='tesseract 3.04.00' />
  <meta name='ocr-capabilities' content='ocr_page ocr_carea ocr_par ocr_line ocrx_word'/>
</head>
<body>
  <div class='ocr_page' id='page_1' title='image "./pvirgiliimaroni00wakegoog/pvirgiliimaroni00wakegoog_0093.png"; bbox 0 0 3492 6884; ppageno 0'>
   <div class='ocr_carea' id='block_1_1' title="bbox 473 2119 1134 2199">
    <p class='ocr_par' dir='ltr' id='par_1_1' title="bbox 473 2119 1134 2199">
     <span class='ocr_line' id='line_1_1' title="bbox 473 2119 1134 2199; baseline 0.008 -5"><span class='ocrx_word' id='word_1_1' title='bbox 473 2119 477 2126; x_wconf 84' lang='lat'>&#39;</span> <span class='ocrx_word' id='word_1_2' title='bbox 569 2136 600 2197; x_wconf 73' lang='grc' dir='ltr'>Ρ.</span> <span class='ocrx_word' id='word_1_3' title='bbox 625 2133 859 2197; x_wconf 74' lang='lat' dir='ltr'>vruoruu</span> <span class='ocrx_word' id='word_1_4' title='bbox 892 2138 1134 2199; x_wconf 75' lang='lat' dir='ltr'>mauours</span> 
     </span>
    </p>
   </div>
   <div class='ocr_carea' id='block_1_2' title="bbox 616 2310 1083 2393">
    <p class='ocr_par' dir='ltr' id='par_1_2' title="bbox 616 2310 1083 2393">
     <span class='ocr_line' id='line_1_2' title="bbox 616 2310 1083 2393; baseline 0.004 -2"><span class='ocrx_word' id='word_1_5' title='bbox 616 2310 1083 2393; x_wconf 87' lang='lat' dir='ltr'>GEORGICON</span> 
     </span>
    </p>
   </div>
   <div class='ocr_carea' id='block_1_3' title="bbox 677 2568 1025 2889">
    <p class='ocr_par' dir='ltr' id='par_1_3' title="bbox 677 2568 1025 2889">
     <span class='ocr_line' id='line_1_3' title="bbox 677 2568 1025 2618; baseline 0 -1"><span class='ocrx_word' id='word_1_6' title='bbox 677 2569 803 2618; x_wconf 82' lang='lat' dir='ltr'>LIBER</span> <span class='ocrx_word' id='word_1_7' title='bbox 832 2568 1025 2618; x_wconf 77' lang='lat' dir='ltr'>TERTIUS·</span> 
     </span>
     <span class='ocr_line' id='line_1_4' title="bbox 705 2840 995 2889; baseline -0.003 -14"><span class='ocrx_word' id='word_1_8' title='bbox 705 2840 995 2889; x_wconf 50' lang='grc' dir='ltr'>...Φ-</span> 
     </span>
    </p>
   </div>
   <div class='ocr_carea' id='block_1_4' title="bbox 642 3098 1054 3159">
    <p class='ocr_par' dir='ltr' id='par_1_4' title="bbox 642 3098 1054 3159">
     <span class='ocr_line' id='line_1_5' title="bbox 642 3098 1054 3159; baseline -0.005 -3"><span class='ocrx_word' id='word_1_9' title='bbox 642 3098 964 3159; x_wconf 83' lang='lat' dir='ltr'>GEORGICON</span> <span class='ocrx_word' id='word_1_10' title='bbox 997 3098 1054 3156; x_wconf 92' lang='lat'>111.</span> 
     </span>
    </p>
   </div>
   <div class='ocr_carea' id='block_1_5' title="bbox 446 3283 1249 3463">
    <p class='ocr_par' dir='ltr' id='par_1_5' title="bbox 446 3283 1249 3463">
     <span class='ocr_line' id='line_1_6' title="bbox 446 3283 1249 3388; baseline -0.001 -22"><span class='ocrx_word' id='word_1_11' title='bbox 446 3283 503 3367; x_wconf 77' lang='lat' dir='ltr'>Tr</span> <span class='ocrx_word' id='word_1_12' title='bbox 516 3325 640 3383; x_wconf 85' lang='lat' dir='ltr'>quoque,</span> <span class='ocrx_word' id='word_1_13' title='bbox 653 3326 759 3388; x_wconf 82' lang='lat' dir='ltr'>magna</span> <span class='ocrx_word' id='word_1_14' title='bbox 772 3311 860 3381; x_wconf 83' lang='lat' dir='ltr'>Pales,</span> <span class='ocrx_word' id='word_1_15' title='bbox 880 3320 911 3368; x_wconf 84' lang='lat' dir='ltr'>et</span> <span class='ocrx_word' id='word_1_16' title='bbox 925 3319 954 3369; x_wconf 82' lang='lat' dir='ltr'>te</span> <span class='ocrx_word' id='word_1_17' title='bbox 966 3307 1152 3369; x_wconf 81' lang='lat' dir='ltr'>memorande</span> <span class='ocrx_word' id='word_1_18' title='bbox 1163 3324 1249 3366; x_wconf 85' lang='lat' dir='ltr'>cane·</span> 
     </span>
     <span class='ocr_line' id='line_1_7' title="bbox 525 3424 589 3463; baseline 0 0"><span class='ocrx_word' id='word_1_19' title='bbox 525 3424 589 3463; x_wconf 86' lang='lat' dir='ltr'>mua</span> 
     </span>
    </p>
   </div>
   <div class='ocr_carea' id='block_1_6' title="bbox 444 3504 1247 3878">
    <p class='ocr_par' dir='ltr' id='par_1_6' title="bbox 444 3504 1247 3878">
     <span class='ocr_line' id='line_1_8' title="bbox 446 3504 1247 3586; baseline -0.002 -19"><span class='ocrx_word' id='word_1_20' title='bbox 446 3507 541 3567; x_wconf 85' lang='lat' dir='ltr'>Pastor</span> <span class='ocrx_word' id='word_1_21' title='bbox 553 3509 591 3566; x_wconf 91' lang='lat' dir='ltr'>ab</span> <span class='ocrx_word' id='word_1_22' title='bbox 605 3508 785 3586; x_wconf 64' lang='lat' dir='ltr'>Amphrysm</span> <span class='ocrx_word' id='word_1_23' title='bbox 806 3529 865 3578; x_wconf 81' lang='lat' dir='ltr'>vos,</span> <span class='ocrx_word' id='word_1_24' title='bbox 887 3511 961 3568; x_wconf 85' lang='lat' dir='ltr'>filvae</span> <span class='ocrx_word' id='word_1_25' title='bbox 974 3527 1128 3585; x_wconf 80' lang='lat' dir='ltr'>amnesque</span> <span class='ocrx_word' id='word_1_26' title='bbox 1141 3504 1247 3584; x_wconf 80' lang='lat' dir='ltr'>Lyooei.</span> 
     </span>
     <span class='ocr_line' id='line_1_9' title="bbox 446 3612 1195 3688; baseline 0 -19"><span class='ocrx_word' id='word_1_27' title='bbox 446 3612 558 3680; x_wconf 82' lang='lat' dir='ltr'><strong>Cetera,</strong></span> <span class='ocrx_word' id='word_1_28' title='bbox 578 3632 644 3688; x_wconf 81' lang='lat' dir='ltr'>quae</span> <span class='ocrx_word' id='word_1_29' title='bbox 657 3632 760 3672; x_wconf 80' lang='lat' dir='ltr'>vacuas</span> <span class='ocrx_word' id='word_1_30' title='bbox 774 3613 928 3672; x_wconf 85' lang='lat' dir='ltr'>tenuiss&#39;ent</span> <span class='ocrx_word' id='word_1_31' title='bbox 940 3613 1067 3671; x_wconf 88' lang='lat' dir='ltr'>carmine</span> <span class='ocrx_word' id='word_1_32' title='bbox 1079 3612 1195 3680; x_wconf 82' lang='lat' dir='ltr'>mentis,</span> 
     </span>
     <span class='ocr_line' id='line_1_10' title="bbox 445 3708 1214 3794; baseline -0.003 -21"><span class='ocrx_word' id='word_1_33' title='bbox 445 3714 553 3773; x_wconf 83' lang='lat' dir='ltr'>Omnia</span> <span class='ocrx_word' id='word_1_34' title='bbox 563 3714 624 3793; x_wconf 80' lang='lat' dir='ltr'>jam</span> <span class='ocrx_word' id='word_1_35' title='bbox 637 3716 767 3794; x_wconf 83' lang='lat' dir='ltr'>volgata:</span> <span class='ocrx_word' id='word_1_36' title='bbox 790 3716 854 3793; x_wconf 87' lang='lat' dir='ltr'>quis</span> <span class='ocrx_word' id='word_1_37' title='bbox 867 3726 918 3775; x_wconf 85' lang='lat' dir='ltr'>aut</span> <span class='ocrx_word' id='word_1_38' title='bbox 932 3708 1086 3792; x_wconf 80' lang='lat' dir='ltr'>Eurysth‘ea</span> <span class='ocrx_word' id='word_1_39' title='bbox 1099 3714 1214 3783; x_wconf 91' lang='lat' dir='ltr'>durum,</span> 
     </span>
     <span class='ocr_line' id='line_1_11' title="bbox 444 3818 1005 3878; baseline 0 -3"><span class='ocrx_word' id='word_1_40' title='bbox 444 3820 509 3875; x_wconf 83' lang='lat' dir='ltr'>Aut</span> <span class='ocrx_word' id='word_1_41' title='bbox 520 3818 661 3877; x_wconf 84' lang='lat' dir='ltr'>inlaudati</span> <span class='ocrx_word' id='word_1_42' title='bbox 676 3819 768 3877; x_wconf 83' lang='lat' dir='ltr'>nescit</span> <span class='ocrx_word' id='word_1_43' title='bbox 780 3819 916 3878; x_wconf 86' lang='lat' dir='ltr'>Busrridis</span> <span class='ocrx_word' id='word_1_44' title='bbox 929 3821 1005 3877; x_wconf 87' lang='lat' dir='ltr'>aras?</span> 
     </span>
    </p>
   </div>
   <div class='ocr_carea' id='block_1_7' title="bbox 334 3900 1248 4101">
    <p class='ocr_par' dir='ltr' id='par_1_7' title="bbox 334 3900 1248 4101">
     <span class='ocr_line' id='line_1_12' title="bbox 334 3900 1182 3999; baseline 0 -22"><span class='ocrx_word' id='word_1_45' title='bbox 334 3900 337 3909; x_wconf 36' lang='grc' dir='ltr'>Ι</span> <span class='ocrx_word' id='word_1_46' title='bbox 444 3920 502 3977; x_wconf 87' lang='lat' dir='ltr'>Cui</span> <span class='ocrx_word' id='word_1_47' title='bbox 514 3940 571 3979; x_wconf 89' lang='lat' dir='ltr'>non</span> <span class='ocrx_word' id='word_1_48' title='bbox 585 3920 678 3980; x_wconf 71' lang='lat' dir='ltr'>didus</span> <span class='ocrx_word' id='word_1_49' title='bbox 691 3922 783 3999; x_wconf 85' lang='lat' dir='ltr'>Hylae</span> <span class='ocrx_word' id='word_1_50' title='bbox 795 3940 876 3999; x_wconf 91' lang='lat' dir='ltr'>puer,</span> <span class='ocrx_word' id='word_1_51' title='bbox 898 3931 928 3980; x_wconf 84' lang='lat' dir='ltr'>et</span> <span class='ocrx_word' id='word_1_52' title='bbox 941 3920 1062 3979; x_wconf 84' lang='lat' dir='ltr'>Latonia</span> <span class='ocrx_word' id='word_1_53' title='bbox 1075 3920 1182 3978; x_wconf 84' lang='lat' dir='ltr'>Delos?</span> 
     </span>
     <span class='ocr_line' id='line_1_13' title="bbox 346 4022 1248 4101; baseline -0.001 -20"><span class='ocrx_word' id='word_1_54' title='bbox 346 4056 352 4067; x_wconf 93' lang='lat'><em>·</em></span> <span class='ocrx_word' id='word_1_55' title='bbox 444 4023 695 4100; x_wconf 72' lang='lat' dir='ltr'>Hippodameque,</span> <span class='ocrx_word' id='word_1_56' title='bbox 706 4024 883 4101; x_wconf 90' lang='lat' dir='ltr'>humeroque</span> <span class='ocrx_word' id='word_1_57' title='bbox 889 4025 988 4101; x_wconf 85' lang='lat' dir='ltr'>Pelops</span> <span class='ocrx_word' id='word_1_58' title='bbox 1000 4022 1118 4101; x_wconf 81' lang='lat' dir='ltr'>infignis</span> <span class='ocrx_word' id='word_1_59' title='bbox 1128 4024 1248 4093; x_wconf 85' lang='lat' dir='ltr'>eburno,</span> 
     </span>
    </p>
   </div>
   <div class='ocr_carea' id='block_1_8' title="bbox 399 4125 1281 4820">
    <p class='ocr_par' dir='ltr' id='par_1_8' title="bbox 441 4125 1248 4505">
     <span class='ocr_line' id='line_1_14' title="bbox 443 4125 1248 4204; baseline 0.002 -21"><span class='ocrx_word' id='word_1_60' title='bbox 443 4126 522 4184; x_wconf 85' lang='lat' dir='ltr'>Acer</span> <span class='ocrx_word' id='word_1_61' title='bbox 527 4125 783 4201; x_wconf 75' lang='lat' dir='ltr'>equisr&#39;remanda</span> <span class='ocrx_word' id='word_1_62' title='bbox 792 4126 837 4186; x_wconf 86' lang='lat' dir='ltr'>via</span> <span class='ocrx_word' id='word_1_63' title='bbox 846 4127 895 4194; x_wconf 78' lang='lat' dir='ltr'>est,</span> <span class='ocrx_word' id='word_1_64' title='bbox 906 4127 963 4204; x_wconf 74' lang='lat' dir='ltr'>qud</span> <span class='ocrx_word' id='word_1_65' title='bbox 971 4146 1019 4184; x_wconf 88' lang='lat' dir='ltr'>me</span> <span class='ocrx_word' id='word_1_66' title='bbox 1027 4145 1140 4203; x_wconf 88' lang='lat' dir='ltr'>quoque</span> <span class='ocrx_word' id='word_1_67' title='bbox 1146 4126 1248 4204; x_wconf 87' lang='lat' dir='ltr'>poffim</span> 
     </span>
     <span class='ocr_line' id='line_1_15' title="bbox 441 4228 1202 4306; baseline 0 -19"><span class='ocrx_word' id='word_1_68' title='bbox 441 4228 557 4287; x_wconf 81' lang='lat' dir='ltr'>Tollere</span> <span class='ocrx_word' id='word_1_69' title='bbox 570 4228 669 4299; x_wconf 63' lang='lat' dir='ltr'>humo,&#39;</span> <span class='ocrx_word' id='word_1_70' title='bbox 680 4229 828 4305; x_wconf 69' lang='lat' dir='ltr'>vidorque</span> <span class='ocrx_word' id='word_1_71' title='bbox 840 4228 936 4287; x_wconf 80' lang='lat' dir='ltr'>virum</span> <span class='ocrx_word' id='word_1_72' title='bbox 947 4229 1066 4287; x_wconf 85' lang='lat' dir='ltr'>volitare</span> <span class='ocrx_word' id='word_1_73' title='bbox 1078 4248 1131 4306; x_wconf 90' lang='lat' dir='ltr'>per</span> <span class='ocrx_word' id='word_1_74' title='bbox 1142 4247 1202 4288; x_wconf 89' lang='lat' dir='ltr'>ora.</span> 
     </span>
     <span class='ocr_line' id='line_1_16' title="bbox 443 4330 1245 4409; baseline 0 -20"><span class='ocrx_word' id='word_1_75' title='bbox 443 4330 555 4389; x_wconf 80' lang='lat' dir='ltr'>Primus</span> <span class='ocrx_word' id='word_1_76' title='bbox 566 4350 622 4407; x_wconf 86' lang='lat' dir='ltr'>ego</span> <span class='ocrx_word' id='word_1_77' title='bbox 634 4330 665 4388; x_wconf 91' lang='lat' dir='ltr'>in</span> <span class='ocrx_word' id='word_1_78' title='bbox 679 4332 802 4408; x_wconf 80' lang='lat' dir='ltr'>patriam</span> <span class='ocrx_word' id='word_1_79' title='bbox 814 4350 939 4399; x_wconf 87' lang='lat' dir='ltr'>mecum,</span> <span class='ocrx_word' id='word_1_80' title='bbox 952 4333 1037 4390; x_wconf 91' lang='lat' dir='ltr'>modo</span> <span class='ocrx_word' id='word_1_81' title='bbox 1048 4331 1107 4391; x_wconf 86' lang='lat' dir='ltr'>vita</span> <span class='ocrx_word' id='word_1_82' title='bbox 1119 4330 1245 4409; x_wconf 88' lang='lat' dir='ltr'>superfit,</span> 
     </span>
     <span class='ocr_line' id='line_1_17' title="bbox 442 4433 1063 4505; baseline -0.002 -12"><span class='ocrx_word' id='word_1_83' title='bbox 442 4433 542 4493; x_wconf 78' lang='lat' dir='ltr'>Aonio</span> <span class='ocrx_word' id='word_1_84' title='bbox 554 4433 666 4492; x_wconf 78' lang='lat' dir='ltr'>rediens</span> <span class='ocrx_word' id='word_1_85' title='bbox 678 4435 819 4492; x_wconf 86' lang='lat' dir='ltr'>deducam</span> <span class='ocrx_word' id='word_1_86' title='bbox 832 4433 940 4492; x_wconf 84' lang='lat' dir='ltr'>vertice</span> <span class='ocrx_word' id='word_1_87' title='bbox 953 4433 1063 4505; x_wconf 83' lang='lat' dir='ltr'>Musaa3</span> 
     </span>
    </p>

    <p class='ocr_par' dir='ltr' id='par_1_9' title="bbox 399 4535 1281 4820">
     <span class='ocr_line' id='line_1_18' title="bbox 399 4535 1281 4612; baseline -0.002 -17"><span class='ocrx_word' id='word_1_88' title='bbox 399 4545 407 4561; x_wconf 78' lang='lat'><em>⁰</em></span> <span class='ocrx_word' id='word_1_89' title='bbox 442 4536 553 4595; x_wconf 83' lang='lat' dir='ltr'>Primus</span> <span class='ocrx_word' id='word_1_90' title='bbox 566 4537 706 4595; x_wconf 67' lang='lat' dir='ltr'>Idumaeas</span> <span class='ocrx_word' id='word_1_91' title='bbox 720 4536 842 4594; x_wconf 88' lang='lat' dir='ltr'>referam</span> <span class='ocrx_word' id='word_1_92' title='bbox 856 4535 921 4604; x_wconf 86' lang='lat' dir='ltr'>tibi,</span> <span class='ocrx_word' id='word_1_93' title='bbox 934 4536 1067 4605; x_wconf 82' lang='lat' dir='ltr'>Mantua,</span> <span class='ocrx_word' id='word_1_94' title='bbox 1080 4536 1203 4612; x_wconf 82' lang='lat' dir='ltr'>palmae:</span> <span class='ocrx_word' id='word_1_95' title='bbox 1279 4603 1281 4605; x_wconf 34' lang='grc'>,</span> 
     </span>
     <span class='ocr_line' id='line_1_19' title="bbox 442 4628 1234 4716; baseline -0.001 -19"><span class='ocrx_word' id='word_1_96' title='bbox 442 4639 481 4697; x_wconf 81' lang='lat' dir='ltr'>Et</span> <span class='ocrx_word' id='word_1_97' title='bbox 493 4637 580 4697; x_wconf 84' lang='lat' dir='ltr'>viridi</span> <span class='ocrx_word' id='word_1_98' title='bbox 594 4638 626 4696; x_wconf 90' lang='lat' dir='ltr'>in</span> <span class='ocrx_word' id='word_1_99' title='bbox 639 4657 741 4716; x_wconf 87' lang='lat' dir='ltr'>campo</span> <span class='ocrx_word' id='word_1_100' title='bbox 755 4638 896 4715; x_wconf 83' lang='lat' dir='ltr'>templum</span> <span class='ocrx_word' id='word_1_101' title='bbox 910 4638 945 4695; x_wconf 90' lang='lat' dir='ltr'>de</span> <span class='ocrx_word' id='word_1_102' title='bbox 959 4655 1100 4695; x_wconf 83' lang='lat' dir='ltr'>marmore</span> <span class='ocrx_word' id='word_1_103' title='bbox 1112 4656 1218 4714; x_wconf 88' lang='lat' dir='ltr'>ponam</span> <span class='ocrx_word' id='word_1_104' title='bbox 1232 4628 1234 4630; x_wconf 31' lang='lat'>¹</span> 
     </span>
     <span class='ocr_line' id='line_1_20' title="bbox 439 4739 1198 4820; baseline -0.008 -17"><span class='ocrx_word' id='word_1_105' title='bbox 439 4744 564 4820; x_wconf 82' lang='lat' dir='ltr'>-Propter</span> <span class='ocrx_word' id='word_1_106' title='bbox 575 4760 689 4820; x_wconf 85' lang='lat' dir='ltr'>aquam,</span> <span class='ocrx_word' id='word_1_107' title='bbox 708 4741 794 4800; x_wconf 84' lang='lat' dir='ltr'>tardir</span> <span class='ocrx_word' id='word_1_108' title='bbox 806 4740 910 4819; x_wconf 76' lang='lat' dir='ltr'>ingena</span> <span class='ocrx_word' id='word_1_109' title='bbox 922 4740 973 4798; x_wconf 92' lang='lat' dir='ltr'>ubi</span> <span class='ocrx_word' id='word_1_110' title='bbox 987 4739 1109 4799; x_wconf 75' lang='lat' dir='ltr'>flexibus</span> <span class='ocrx_word' id='word_1_111' title='bbox 1121 4750 1198 4799; x_wconf 87' lang='lat' dir='ltr'>errat</span> 
     </span>
    </p>
   </div>
   <div class='ocr_carea' id='block_1_9' title="bbox 0 0 1750 6884">
    <p class='ocr_par' dir='ltr' id='par_1_10' title="bbox 0 0 1750 6884">
     <span class='ocr_line' id='line_1_21' title="bbox 0 0 1750 6884; baseline 0 4"><span class='ocrx_word' id='word_1_112' title='bbox 0 0 1750 6884; x_wconf 95' lang='lat' dir='ltr'> </span> 
     </span>
    </p>
   </div>
  </div>
 </body>
</html>
