<?xml version="1.0" encoding="UTF-8"?>
<!DOCTYPE html PUBLIC "-//W3C//DTD XHTML 1.0 Transitional//EN"
    "http://www.w3.org/TR/xhtml1/DTD/xhtml1-transitional.dtd">
<html xmlns="http://www.w3.org/1999/xhtml" xml:lang="en" lang="en">
 <head>
  <title>
</title>
<meta http-equiv="Content-Type" content="text/html;charset=utf-8" />
  <meta name='ocr-system' content='tesseract 3.04.00' />
  <meta name='ocr-capabilities' content='ocr_page ocr_carea ocr_par ocr_line ocrx_word'/>
</head>
<body>
  <div class='ocr_page' id='page_1' title='image "./pvirgiliimaroni00wakegoog/pvirgiliimaroni00wakegoog_0155.png"; bbox 0 0 3492 6884; ppageno 0'>
   <div class='ocr_carea' id='block_1_1' title="bbox 942 1775 2534 1876">
    <p class='ocr_par' dir='ltr' id='par_1_1' title="bbox 942 1775 2534 1876">
     <span class='ocr_line' id='line_1_1' title="bbox 942 1775 2534 1876; baseline 0.003 -24"><span class='ocrx_word' id='word_1_1' title='bbox 942 1791 1125 1876; x_wconf 47' lang='lat' dir='ltr'>rao,</span> <span class='ocrx_word' id='word_1_2' title='bbox 1581 1797 1906 1857; x_wconf 42' lang='lat' dir='ltr'>cuuss</span> <span class='ocrx_word' id='word_1_3' title='bbox 2407 1775 2534 1856; x_wconf 58' lang='grc' dir='ltr'>ἰιι</span> 
     </span>
    </p>
   </div>
   <div class='ocr_carea' id='block_1_2' title="bbox 936 1948 2536 4855">
    <p class='ocr_par' dir='ltr' id='par_1_2' title="bbox 940 1948 2500 2739">
     <span class='ocr_line' id='line_1_2' title="bbox 943 1948 2301 2029; baseline 0.004 -25"><span class='ocrx_word' id='word_1_4' title='bbox 943 1948 1169 2024; x_wconf 86' lang='lat' dir='ltr'>Adcipe</span> <span class='ocrx_word' id='word_1_5' title='bbox 1194 1949 1365 2019; x_wconf 89' lang='lat' dir='ltr'>dona‚·</span> <span class='ocrx_word' id='word_1_6' title='bbox 1401 1969 1532 2010; x_wconf 88' lang='lat' dir='ltr'>meo</span> <span class='ocrx_word' id='word_1_7' title='bbox 1558 1954 1811 2011; x_wconf 88' lang='lat' dir='ltr'>multum</span> <span class='ocrx_word' id='word_1_8' title='bbox 1836 1953 2067 2029; x_wconf 86' lang='lat' dir='ltr'>vigilata</span> <span class='ocrx_word' id='word_1_9' title='bbox 2091 1953 2301 2021; x_wconf 87' lang='lat' dir='ltr'>labore,</span> 
     </span>
     <span class='ocr_line' id='line_1_3' title="bbox 942 2049 2323 2131; baseline 0.004 -25"><span class='ocrx_word' id='word_1_10' title='bbox 942 2049 1017 2106; x_wconf 90' lang='lat' dir='ltr'>Et</span> <span class='ocrx_word' id='word_1_11' title='bbox 1042 2051 1321 2126; x_wconf 81' lang='lat' dir='ltr'>praemiffa</span> <span class='ocrx_word' id='word_1_12' title='bbox 1348 2054 1462 2111; x_wconf 76' lang='lat' dir='ltr'>tuis</span> <span class='ocrx_word' id='word_1_13' title='bbox 1486 2073 1602 2112; x_wconf 90' lang='lat' dir='ltr'>non</span> <span class='ocrx_word' id='word_1_14' title='bbox 1628 2074 1840 2131; x_wconf 87' lang='lat' dir='ltr'>magna</span> <span class='ocrx_word' id='word_1_15' title='bbox 1865 2055 2100 2112; x_wconf 83' lang='lat' dir='ltr'>exordia</span> <span class='ocrx_word' id='word_1_16' title='bbox 2126 2056 2323 2111; x_wconf 81' lang='lat' dir='ltr'>rebus=</span> 
     </span>
     <span class='ocr_line' id='line_1_4' title="bbox 942 2151 2346 2232; baseline 0.004 -25"><span class='ocrx_word' id='word_1_17' title='bbox 942 2151 1105 2229; x_wconf 85' lang='lat' dir='ltr'>Inpia</span> <span class='ocrx_word' id='word_1_18' title='bbox 1131 2155 1406 2231; x_wconf 85' lang='lat' dir='ltr'>prodigiis</span> <span class='ocrx_word' id='word_1_19' title='bbox 1431 2166 1499 2213; x_wconf 89' lang='lat' dir='ltr'>ut</span> <span class='ocrx_word' id='word_1_20' title='bbox 1521 2158 1814 2232; x_wconf 88' lang='lat' dir='ltr'>quondam</span> <span class='ocrx_word' id='word_1_21' title='bbox 1839 2156 2117 2214; x_wconf 88' lang='lat' dir='ltr'>exterruit</span> <span class='ocrx_word' id='word_1_22' title='bbox 2141 2155 2346 2232; x_wconf 76' lang='lat' dir='ltr'>amplis</span> 
     </span>
     <span class='ocr_line' id='line_1_5' title="bbox 942 2254 2500 2332; baseline 0.001 -21"><span class='ocrx_word' id='word_1_23' title='bbox 942 2254 1149 2329; x_wconf 88' lang='lat' dir='ltr'>Scylla,</span> <span class='ocrx_word' id='word_1_24' title='bbox 1189 2274 1473 2332; x_wconf 83' lang='lat' dir='ltr'>novosque</span> <span class='ocrx_word' id='word_1_25' title='bbox 1500 2258 1713 2325; x_wconf 82' lang='lat' dir='ltr'>avium,</span> <span class='ocrx_word' id='word_1_26' title='bbox 1755 2256 2014 2322; x_wconf 82' lang='lat' dir='ltr'>sublimis</span> <span class='ocrx_word' id='word_1_27' title='bbox 2044 2258 2106 2314; x_wconf 91' lang='lat' dir='ltr'>in</span> <span class='ocrx_word' id='word_1_28' title='bbox 2133 2260 2279 2325; x_wconf 66' lang='lat' dir='ltr'>aere,</span> <span class='ocrx_word' id='word_1_29' title='bbox 2319 2263 2500 2314; x_wconf 74' lang='lat' dir='ltr'>coetu·</span> 
     </span>
     <span class='ocr_line' id='line_1_6' title="bbox 940 2354 2355 2434; baseline 0.001 -22"><span class='ocrx_word' id='word_1_30' title='bbox 940 2354 1192 2426; x_wconf 83' lang='lat' dir='ltr'>Viderit;</span> <span class='ocrx_word' id='word_1_31' title='bbox 1236 2367 1312 2424; x_wconf 90' lang='lat' dir='ltr'>et,</span> <span class='ocrx_word' id='word_1_32' title='bbox 1353 2359 1513 2416; x_wconf 90' lang='lat' dir='ltr'>tenui</span> <span class='ocrx_word' id='word_1_33' title='bbox 1539 2358 1919 2417; x_wconf 80' lang='lat' dir='ltr'>conscendens</span> <span class='ocrx_word' id='word_1_34' title='bbox 1943 2359 2119 2416; x_wconf 88' lang='lat' dir='ltr'>fidera</span> <span class='ocrx_word' id='word_1_35' title='bbox 2144 2359 2355 2434; x_wconf 74' lang='lat' dir='ltr'>penna,</span> 
     </span>
     <span class='ocr_line' id='line_1_7' title="bbox 941 2458 2179 2537; baseline 0.002 -22"><span class='ocrx_word' id='word_1_36' title='bbox 941 2458 1213 2516; x_wconf 82' lang='lat' dir='ltr'>Caeruleis</span> <span class='ocrx_word' id='word_1_37' title='bbox 1237 2458 1335 2517; x_wconf 86' lang='lat' dir='ltr'>sua</span> <span class='ocrx_word' id='word_1_38' title='bbox 1364 2461 1507 2519; x_wconf 68' lang='lat' dir='ltr'>tecta</span> <span class='ocrx_word' id='word_1_39' title='bbox 1537 2461 2026 2537; x_wconf 82' lang='lat' dir='ltr'><strong>supervolitaverit</strong></span> <span class='ocrx_word' id='word_1_40' title='bbox 2050 2462 2179 2530; x_wconf 79' lang='lat' dir='ltr'>alis;</span> 
     </span>
     <span class='ocr_line' id='line_1_8' title="bbox 940 2551 2342 2638; baseline 0.002 -22"><span class='ocrx_word' id='word_1_41' title='bbox 940 2560 1109 2617; x_wconf 89' lang='lat' dir='ltr'>Hanc</span> <span class='ocrx_word' id='word_1_42' title='bbox 1130 2580 1236 2636; x_wconf 92' lang='lat' dir='ltr'>pro</span> <span class='ocrx_word' id='word_1_43' title='bbox 1260 2580 1542 2638; x_wconf 85' lang='lat' dir='ltr'>purpureo</span> <span class='ocrx_word' id='word_1_44' title='bbox 1567 2582 1797 2638; x_wconf 88' lang='lat' dir='ltr'>poenam</span> <span class='ocrx_word' id='word_1_45' title='bbox 1823 2562 2091 2620; x_wconf 88' lang='lat' dir='ltr'>scelerata</span> <span class='ocrx_word' id='word_1_46' title='bbox 2114 2551 2342 2638; x_wconf 63' lang='lat' dir='ltr'>capillo&#39;,</span> 
     </span>
     <span class='ocr_line' id='line_1_9' title="bbox 941 2662 2292 2739; baseline 0.002 -20"><span class='ocrx_word' id='word_1_47' title='bbox 941 2662 1160 2737; x_wconf 87' lang='lat' dir='ltr'>Proque</span> <span class='ocrx_word' id='word_1_48' title='bbox 1184 2663 1361 2739; x_wconf 87' lang='lat' dir='ltr'>patris</span> <span class='ocrx_word' id='word_1_49' title='bbox 1386 2663 1605 2723; x_wconf 85' lang='lat' dir='ltr'>solvens</span> <span class='ocrx_word' id='word_1_50' title='bbox 1630 2664 1820 2722; x_wconf 71' lang='lat' dir='ltr'>excisa</span> <span class='ocrx_word' id='word_1_51' title='bbox 1845 2665 2108 2723; x_wconf 84' lang='lat' dir='ltr'>funditus</span> <span class='ocrx_word' id='word_1_52' title='bbox 2131 2668 2292 2722; x_wconf 89' lang='lat' dir='ltr'>urbe.</span> 
     </span>
    </p>

    <p class='ocr_par' dir='ltr' id='par_1_3' title="bbox 936 2764 2536 4777">
     <span class='ocr_line' id='line_1_10' title="bbox 1017 2764 2420 2843; baseline 0.004 -24"><span class='ocrx_word' id='word_1_53' title='bbox 1017 2764 1333 2840; x_wconf 81' lang='lat' dir='ltr'>Cobplures</span> <span class='ocrx_word' id='word_1_54' title='bbox 1358 2765 1535 2836; x_wconf 80' lang='lat' dir='ltr'>illam,</span> <span class='ocrx_word' id='word_1_55' title='bbox 1577 2777 1636 2824; x_wconf 90' lang='lat' dir='ltr'>et</span> <span class='ocrx_word' id='word_1_56' title='bbox 1663 2765 1882 2842; x_wconf 84' lang='lat' dir='ltr'>magni,</span> <span class='ocrx_word' id='word_1_57' title='bbox 1922 2767 2199 2834; x_wconf 82' lang='lat' dir='ltr'>Mefl&#39;alla,</span> <span class='ocrx_word' id='word_1_58' title='bbox 2238 2768 2420 2843; x_wconf 63' lang='lat' dir='ltr'>poetae</span> 
     </span>
     <span class='ocr_line' id='line_1_11' title="bbox 940 2866 2530 2945; baseline 0.003 -23"><span class='ocrx_word' id='word_1_59' title='bbox 940 2866 1124 2939; x_wconf 90' lang='lat' dir='ltr'>(Nam</span> <span class='ocrx_word' id='word_1_60' title='bbox 1145 2885 1344 2924; x_wconf 84' lang='lat' dir='ltr'>verum</span> <span class='ocrx_word' id='word_1_61' title='bbox 1371 2867 1652 2926; x_wconf 89' lang='lat' dir='ltr'>fateamur</span> <span class='ocrx_word' id='word_1_62' title='bbox 1661 2893 1678 2939; x_wconf 81' lang='lat'><em>3</em></span> <span class='ocrx_word' id='word_1_63' title='bbox 1723 2878 1878 2926; x_wconf 88' lang='lat' dir='ltr'>amat</span> <span class='ocrx_word' id='word_1_64' title='bbox 1905 2868 2284 2945; x_wconf 86' lang='lat' dir='ltr'><strong>Polyhymnia</strong></span> <span class='ocrx_word' id='word_1_65' title='bbox 2304 2869 2530 2942; x_wconf 83' lang='lat' dir='ltr'>verum)</span> 
     </span>
     <span class='ocr_line' id='line_1_12' title="bbox 939 2967 2425 3045; baseline 0.002 -22"><span class='ocrx_word' id='word_1_66' title='bbox 939 2967 1139 3043; x_wconf 81' lang='lat' dir='ltr'>Longe</span> <span class='ocrx_word' id='word_1_67' title='bbox 1164 2968 1276 3025; x_wconf 71' lang='lat' dir='ltr'>alia</span> <span class='ocrx_word' id='word_1_68' title='bbox 1300 2968 1601 3044; x_wconf 85' lang='lat' dir='ltr'>perhibent</span> <span class='ocrx_word' id='word_1_69' title='bbox 1625 2979 1906 3028; x_wconf 80' lang='lat' dir='ltr'>mutatam</span> <span class='ocrx_word' id='word_1_70' title='bbox 1934 2972 2190 3027; x_wconf 86' lang='lat' dir='ltr'>membra</span> <span class='ocrx_word' id='word_1_71' title='bbox 2216 2970 2425 3045; x_wconf 47' lang='lat' dir='ltr'>figur&amp;</span> 
     </span>
     <span class='ocr_line' id='line_1_13' title="bbox 939 3068 2350 3144; baseline 0.004 -20"><span class='ocrx_word' id='word_1_72' title='bbox 939 3068 1243 3144; x_wconf 86' lang='lat' dir='ltr'>Scyllaeum</span> <span class='ocrx_word' id='word_1_73' title='bbox 1267 3071 1511 3128; x_wconf 87' lang='lat' dir='ltr'>monstra</span> <span class='ocrx_word' id='word_1_74' title='bbox 1537 3070 1600 3127; x_wconf 91' lang='lat' dir='ltr'>in</span> <span class='ocrx_word' id='word_1_75' title='bbox 1628 3071 1827 3129; x_wconf 85' lang='lat' dir='ltr'>saxum</span> <span class='ocrx_word' id='word_1_76' title='bbox 1853 3071 2116 3129; x_wconf 84' lang='lat' dir='ltr'>conversa</span> <span class='ocrx_word' id='word_1_77' title='bbox 2144 3072 2350 3129; x_wconf 87' lang='lat' dir='ltr'>vocari.</span> 
     </span>
     <span class='ocr_line' id='line_1_14' title="bbox 940 3169 2450 3250; baseline 0.001 -22"><span class='ocrx_word' id='word_1_78' title='bbox 940 3171 1108 3229; x_wconf 89' lang='lat' dir='ltr'>Illam</span> <span class='ocrx_word' id='word_1_79' title='bbox 1134 3169 1262 3239; x_wconf 81' lang='lat' dir='ltr'>effe,</span> <span class='ocrx_word' id='word_1_80' title='bbox 1301 3172 1568 3230; x_wconf 85' lang='lat' dir='ltr'>aerumnis</span> <span class='ocrx_word' id='word_1_81' title='bbox 1594 3192 1769 3248; x_wconf 88' lang='lat' dir='ltr'>quam</span> <span class='ocrx_word' id='word_1_82' title='bbox 1795 3173 1940 3249; x_wconf 85' lang='lat' dir='ltr'>saepe</span> <span class='ocrx_word' id='word_1_83' title='bbox 1966 3174 2223 3249; x_wconf 83' lang='lat' dir='ltr'>legamus</span> <span class='ocrx_word' id='word_1_84' title='bbox 2244 3172 2450 3250; x_wconf 81' lang='lat' dir='ltr'>Ulyxi,</span> 
     </span>
     <span class='ocr_line' id='line_1_15' title="bbox 939 3271 2508 3351; baseline -0.001 -20"><span class='ocrx_word' id='word_1_85' title='bbox 939 3272 1202 3331; x_wconf 88' lang='lat' dir='ltr'>Candida</span> <span class='ocrx_word' id='word_1_86' title='bbox 1230 3271 1572 3331; x_wconf 59' lang='lat' dir='ltr'>succinaarn</span> <span class='ocrx_word' id='word_1_87' title='bbox 1598 3274 1938 3333; x_wconf 81' lang='lat' dir='ltr'>latrantibus</span> <span class='ocrx_word' id='word_1_88' title='bbox 1963 3274 2203 3351; x_wconf 86' lang='lat' dir='ltr'>inguina</span> <span class='ocrx_word' id='word_1_89' title='bbox 2229 3274 2508 3342; x_wconf 78' lang='lat' dir='ltr'>monstris,</span> 
     </span>
     <span class='ocr_line' id='line_1_16' title="bbox 938 3373 2246 3451; baseline -0.002 -18"><span class='ocrx_word' id='word_1_90' title='bbox 938 3374 1237 3433; x_wconf 84' lang='lat' dir='ltr'>Dulichias</span> <span class='ocrx_word' id='word_1_91' title='bbox 1262 3373 1483 3433; x_wconf 76' lang='lat' dir='ltr'>vexasse</span> <span class='ocrx_word' id='word_1_92' title='bbox 1507 3375 1660 3445; x_wconf 83' lang='lat' dir='ltr'>ratis,</span> <span class='ocrx_word' id='word_1_93' title='bbox 1701 3385 1762 3433; x_wconf 91' lang='lat' dir='ltr'>et</span> <span class='ocrx_word' id='word_1_94' title='bbox 1787 3376 2017 3451; x_wconf 84' lang='lat' dir='ltr'>gurgite</span> <span class='ocrx_word' id='word_1_95' title='bbox 2041 3375 2103 3431; x_wconf 91' lang='lat' dir='ltr'>in</span> <span class='ocrx_word' id='word_1_96' title='bbox 2128 3375 2246 3432; x_wconf 88' lang='lat' dir='ltr'>alto</span> 
     </span>
     <span class='ocr_line' id='line_1_17' title="bbox 936 3475 2309 3554; baseline -0.001 -18"><span class='ocrx_word' id='word_1_97' title='bbox 936 3477 1256 3554; x_wconf 79' lang='lat' dir='ltr'>Deprensus</span> <span class='ocrx_word' id='word_1_98' title='bbox 1282 3486 1480 3534; x_wconf 81' lang='lat' dir='ltr'>nautas</span> <span class='ocrx_word' id='word_1_99' title='bbox 1507 3476 1738 3534; x_wconf 71' lang='lat' dir='ltr'>mnibus</span> <span class='ocrx_word' id='word_1_100' title='bbox 1766 3476 2026 3534; x_wconf 81' lang='lat' dir='ltr'>laceraffe</span> <span class='ocrx_word' id='word_1_101' title='bbox 2053 3475 2309 3535; x_wconf 74' lang='lat' dir='ltr'>marinis-</span> 
     </span>
     <span class='ocr_line' id='line_1_18' title="bbox 937 3577 2530 3655; baseline -0.002 -17"><span class='ocrx_word' id='word_1_102' title='bbox 937 3582 1043 3638; x_wconf 89' lang='lat' dir='ltr'>Sed</span> <span class='ocrx_word' id='word_1_103' title='bbox 1072 3598 1257 3655; x_wconf 90' lang='lat' dir='ltr'>neque</span> <span class='ocrx_word' id='word_1_104' title='bbox 1281 3578 1547 3636; x_wconf 84' lang='lat' dir='ltr'>Maeoniae</span> <span class='ocrx_word' id='word_1_105' title='bbox 1570 3578 1694 3635; x_wconf 79' lang='lat' dir='ltr'>haec</span> <span class='ocrx_word' id='word_1_106' title='bbox 1718 3578 2020 3654; x_wconf 89' lang='lat' dir='ltr'>patiuntur</span> <span class='ocrx_word' id='word_1_107' title='bbox 2043 3578 2271 3635; x_wconf 88' lang='lat' dir='ltr'>credere</span> <span class='ocrx_word' id='word_1_108' title='bbox 2297 3577 2530 3647; x_wconf 71' lang='lat' dir='ltr'>chartae,</span> 
     </span>
     <span class='ocr_line' id='line_1_19' title="bbox 937 3680 2288 3741; baseline -0.001 0"><span class='ocrx_word' id='word_1_109' title='bbox 937 3684 1066 3741; x_wconf 91' lang='lat' dir='ltr'>Nec</span> <span class='ocrx_word' id='word_1_110' title='bbox 1090 3683 1272 3740; x_wconf 85' lang='lat' dir='ltr'>malus</span> <span class='ocrx_word' id='word_1_111' title='bbox 1297 3680 1530 3739; x_wconf 85' lang='lat' dir='ltr'>istorum</span> <span class='ocrx_word' id='word_1_112' title='bbox 1556 3681 1744 3739; x_wconf 83' lang='lat' dir='ltr'>dubiis</span> <span class='ocrx_word' id='word_1_113' title='bbox 1769 3680 2055 3738; x_wconf 75' lang='lat' dir='ltr'>erroribus</span> <span class='ocrx_word' id='word_1_114' title='bbox 2075 3680 2288 3739; x_wconf 59' lang='lat' dir='ltr'>auctor.</span> 
     </span>
     <span class='ocr_line' id='line_1_20' title="bbox 937 3781 2198 3860; baseline -0.002 -17"><span class='ocrx_word' id='word_1_115' title='bbox 937 3781 1208 3860; x_wconf 57' lang='lat' dir='ltr'>Nanffique</span> <span class='ocrx_word' id='word_1_116' title='bbox 1234 3784 1372 3842; x_wconf 80' lang='lat' dir='ltr'>alias</span> <span class='ocrx_word' id='word_1_117' title='bbox 1396 3782 1495 3841; x_wconf 89' lang='lat' dir='ltr'>alii</span> <span class='ocrx_word' id='word_1_118' title='bbox 1519 3782 1694 3859; x_wconf 84' lang='lat' dir='ltr'>vulgo</span> <span class='ocrx_word' id='word_1_119' title='bbox 1721 3782 1938 3840; x_wconf 80' lang='lat' dir='ltr'>finxere</span> <span class='ocrx_word' id='word_1_120' title='bbox 1962 3783 2198 3860; x_wconf 79' lang='lat' dir='ltr'>puellas,</span> 
     </span>
     <span class='ocr_line' id='line_1_21' title="bbox 938 3885 2355 3964; baseline -0.001 -20"><span class='ocrx_word' id='word_1_121' title='bbox 938 3887 1090 3944; x_wconf 74' lang='lat' dir='ltr'>Quae</span> <span class='ocrx_word' id='word_1_122' title='bbox 1115 3885 1543 3964; x_wconf 82' lang='lat' dir='ltr'>Colophoniaco</span> <span class='ocrx_word' id='word_1_123' title='bbox 1568 3885 1768 3961; x_wconf 77' lang='lat' dir='ltr'>Scyllae</span> <span class='ocrx_word' id='word_1_124' title='bbox 1794 3885 2058 3942; x_wconf 87' lang='lat' dir='ltr'>dicantur</span> <span class='ocrx_word' id='word_1_125' title='bbox 2083 3886 2355 3943; x_wconf 87' lang='lat' dir='ltr'>Homero.</span> 
     </span>
     <span class='ocr_line' id='line_1_22' title="bbox 938 3986 2158 4065; baseline -0.002 -19"><span class='ocrx_word' id='word_1_126' title='bbox 938 3989 1051 4065; x_wconf 86' lang='lat' dir='ltr'>Ipfi</span> <span class='ocrx_word' id='word_1_127' title='bbox 1078 3989 1175 4046; x_wconf 93' lang='lat' dir='ltr'>seu</span> <span class='ocrx_word' id='word_1_128' title='bbox 1204 3988 1402 4047; x_wconf 88' lang='lat' dir='ltr'>Lamie</span> <span class='ocrx_word' id='word_1_129' title='bbox 1427 3997 1610 4045; x_wconf 85' lang='lat' dir='ltr'>mater</span> <span class='ocrx_word' id='word_1_130' title='bbox 1635 3986 1721 4057; x_wconf 81' lang='lat' dir='ltr'>fit,</span> <span class='ocrx_word' id='word_1_131' title='bbox 1764 3987 1878 4044; x_wconf 84' lang='lat' dir='ltr'>five</span> <span class='ocrx_word' id='word_1_132' title='bbox 1901 3987 2158 4056; x_wconf 85' lang='lat' dir='ltr'>Crataeis,</span> 
     </span>
     <span class='ocr_line' id='line_1_23' title="bbox 938 4087 2251 4165; baseline -0.001 -18"><span class='ocrx_word' id='word_1_133' title='bbox 938 4090 1067 4147; x_wconf 86' lang='lat' dir='ltr'>Sive</span> <span class='ocrx_word' id='word_1_134' title='bbox 1093 4090 1251 4147; x_wconf 87' lang='lat' dir='ltr'>illam</span> <span class='ocrx_word' id='word_1_135' title='bbox 1277 4090 1523 4147; x_wconf 83' lang='lat' dir='ltr'>monstro</span> <span class='ocrx_word' id='word_1_136' title='bbox 1549 4087 1754 4165; x_wconf 84' lang='lat' dir='ltr'>genuit</span> <span class='ocrx_word' id='word_1_137' title='bbox 1780 4088 1974 4147; x_wconf 81' lang='lat' dir='ltr'>Persea</span> <span class='ocrx_word' id='word_1_138' title='bbox 2000 4088 2251 4158; x_wconf 87' lang='lat' dir='ltr'>biformi,</span> 
     </span>
     <span class='ocr_line' id='line_1_24' title="bbox 938 4189 2536 4268; baseline 0.001 -19"><span class='ocrx_word' id='word_1_139' title='bbox 938 4193 1072 4249; x_wconf 86' lang='lat' dir='ltr'>Sive</span> <span class='ocrx_word' id='word_1_140' title='bbox 1097 4192 1176 4249; x_wconf 90' lang='lat' dir='ltr'>est</span> <span class='ocrx_word' id='word_1_141' title='bbox 1200 4203 1399 4249; x_wconf 87' lang='lat' dir='ltr'>neutra</span> <span class='ocrx_word' id='word_1_142' title='bbox 1426 4207 1652 4268; x_wconf 86' lang='lat' dir='ltr'>parens:</span> <span class='ocrx_word' id='word_1_143' title='bbox 1697 4200 1872 4265; x_wconf 84' lang='lat' dir='ltr'>atque</span> <span class='ocrx_word' id='word_1_144' title='bbox 1897 4190 2006 4248; x_wconf 88' lang='lat' dir='ltr'>hoc</span> <span class='ocrx_word' id='word_1_145' title='bbox 2031 4189 2094 4247; x_wconf 89' lang='lat' dir='ltr'>in</span> <span class='ocrx_word' id='word_1_146' title='bbox 2126 4190 2382 4249; x_wconf 84' lang='lat' dir='ltr'>carmine</span> <span class='ocrx_word' id='word_1_147' title='bbox 2409 4200 2536 4250; x_wconf 89' lang='lat' dir='ltr'>toto</span> 
     </span>
     <span class='ocr_line' id='line_1_25' title="bbox 940 4290 2454 4370; baseline 0.001 -20"><span class='ocrx_word' id='word_1_148' title='bbox 940 4293 1204 4370; x_wconf 82' lang='lat' dir='ltr'>Inguinis</span> <span class='ocrx_word' id='word_1_149' title='bbox 1229 4293 1306 4350; x_wconf 88' lang='lat' dir='ltr'>est</span> <span class='ocrx_word' id='word_1_150' title='bbox 1332 4292 1555 4359; x_wconf 86' lang='lat' dir='ltr'>vitium,</span> <span class='ocrx_word' id='word_1_151' title='bbox 1594 4300 1655 4348; x_wconf 90' lang='lat' dir='ltr'>et</span> <span class='ocrx_word' id='word_1_152' title='bbox 1675 4290 1913 4349; x_wconf 80' lang='lat' dir='ltr'>Veneris</span> <span class='ocrx_word' id='word_1_153' title='bbox 1940 4291 2218 4370; x_wconf 86' lang='lat' dir='ltr'>descripta</span> <span class='ocrx_word' id='word_1_154' title='bbox 2243 4293 2426 4351; x_wconf 88' lang='lat' dir='ltr'>libido</span> <span class='ocrx_word' id='word_1_155' title='bbox 2434 4318 2454 4365; x_wconf 76' lang='lat'>3</span> 
     </span>
     <span class='ocr_line' id='line_1_26' title="bbox 939 4391 2353 4469; baseline 0 -17"><span class='ocrx_word' id='word_1_156' title='bbox 939 4394 1069 4452; x_wconf 88' lang='lat' dir='ltr'>Sive</span> <span class='ocrx_word' id='word_1_157' title='bbox 1094 4395 1268 4452; x_wconf 86' lang='lat' dir='ltr'>etiam</span> <span class='ocrx_word' id='word_1_158' title='bbox 1296 4393 1374 4450; x_wconf 88' lang='lat' dir='ltr'>est</span> <span class='ocrx_word' id='word_1_159' title='bbox 1391 4391 1557 4468; x_wconf 68' lang='lat' dir='ltr'>jactis</span> <span class='ocrx_word' id='word_1_160' title='bbox 1584 4391 1830 4469; x_wconf 87' lang='lat' dir='ltr'>speciem</span> <span class='ocrx_word' id='word_1_161' title='bbox 1853 4402 2074 4451; x_wconf 86' lang='lat' dir='ltr'>mutata</span> <span class='ocrx_word' id='word_1_162' title='bbox 2098 4395 2353 4466; x_wconf 77' lang='lat' dir='ltr'>venenis,</span> 
     </span>
     <span class='ocr_line' id='line_1_27' title="bbox 940 4493 2266 4572; baseline -0.002 -19"><span class='ocrx_word' id='word_1_163' title='bbox 940 4496 1156 4554; x_wconf 83' lang='lat' dir='ltr'>Infelix</span> <span class='ocrx_word' id='word_1_164' title='bbox 1184 4495 1371 4572; x_wconf 84' lang='lat' dir='ltr'>virgo:</span> <span class='ocrx_word' id='word_1_165' title='bbox 1415 4493 1556 4571; x_wconf 86' lang='lat' dir='ltr'>quid</span> <span class='ocrx_word' id='word_1_166' title='bbox 1582 4493 1741 4551; x_wconf 87' lang='lat' dir='ltr'>enim</span> <span class='ocrx_word' id='word_1_167' title='bbox 1766 4494 2108 4552; x_wconf 85' lang='lat' dir='ltr'>conmiserat</span> <span class='ocrx_word' id='word_1_168' title='bbox 2129 4495 2266 4553; x_wconf 77' lang='lat' dir='ltr'>illa?</span> 
     </span>
     <span class='ocr_line' id='line_1_28' title="bbox 940 4594 2242 4677; baseline -0.003 -21"><span class='ocrx_word' id='word_1_169' title='bbox 940 4598 1067 4677; x_wconf 87' lang='lat' dir='ltr'>Ipse</span> <span class='ocrx_word' id='word_1_170' title='bbox 1095 4600 1273 4666; x_wconf 84' lang='lat' dir='ltr'>Pater,</span> <span class='ocrx_word' id='word_1_171' title='bbox 1313 4598 1527 4654; x_wconf 87' lang='lat' dir='ltr'>nudam</span> <span class='ocrx_word' id='word_1_172' title='bbox 1554 4594 1697 4653; x_wconf 71' lang='lat' dir='ltr'>saeva</span> <span class='ocrx_word' id='word_1_173' title='bbox 1719 4595 2032 4672; x_wconf 76' lang='lat' dir='ltr'>conplexus</span> <span class='ocrx_word' id='word_1_174' title='bbox 2054 4596 2242 4664; x_wconf 73' lang='lat' dir='ltr'>arena,</span> 
     </span>
     <span class='ocr_line' id='line_1_29' title="bbox 939 4696 2223 4777; baseline -0.003 -20"><span class='ocrx_word' id='word_1_175' title='bbox 939 4697 1292 4777; x_wconf 81' lang='lat' dir='ltr'>conjugium</span> <span class='ocrx_word' id='word_1_176' title='bbox 1317 4716 1460 4756; x_wconf 80' lang='lat' dir='ltr'>carae</span> <span class='ocrx_word' id='word_1_177' title='bbox 1486 4696 1793 4756; x_wconf 84' lang='lat' dir='ltr'>violaverat</span> <span class='ocrx_word' id='word_1_178' title='bbox 1815 4696 2223 4774; x_wconf 73' lang='lat' dir='ltr'>Amphitriten:</span> 
     </span>
    </p>

    <p class='ocr_par' dir='ltr' id='par_1_4' title="bbox 1712 4817 1747 4855">
     <span class='ocr_line' id='line_1_30' title="bbox 1712 4817 1747 4855; baseline 0 0"><span class='ocrx_word' id='word_1_179' title='bbox 1712 4817 1747 4855; x_wconf 78' lang='grc' dir='ltr'>ι</span> 
     </span>
    </p>
   </div>
   <div class='ocr_carea' id='block_1_3' title="bbox 2668 5162 3282 5684">
    <p class='ocr_par' dir='ltr' id='par_1_5' title="bbox 2668 5162 3282 5684">
     <span class='ocr_line' id='line_1_31' title="bbox 2668 5162 3282 5684; baseline 0 1200"><span class='ocrx_word' id='word_1_180' title='bbox 2668 5162 3282 5684; x_wconf 95' lang='lat' dir='ltr'> </span> 
     </span>
    </p>
   </div>
  </div>
 </body>
</html>
