3492 6884
545 1769 600 1833 1'28
843 1774 1037 1835 CULEX.
1247 1782 1335 1848 ιη.
1434 1775 1437 1782 ’

542 1928 727 2006 Castaliaeque
739 1928 838 1989 sonans
850 1931 962 2008 liquido
973 1933 1046 2010 pede
1057 1932 1164 1991 labitur
1175 1933 1264 1991 unda.

582 2029 689 2104 Quare,
710 2032 795 2090 Pierii
808 2033 902 2092 latinia
914 2036 1009 2103 decus,
1029 2033 1079 2103 ite,
1099 2033 1205 2092 sorores

541 2132 660 2205 Naides,
681 2143 711 2191 et
723 2135 863 2194 celebrate
874 2136 961 2194 deum
974 2136 1128 2213 plaudente
1139 2135 1250 2196 chored.

540 2233 579 2292 Et
592 2233 657 2306 tibi,
676 2234 770 2295 saneta
783 2237 870 2309 Palea,
890 2238 926 2295 ad
938 2257 1024 2314 quam
1036 2247 1155 2297 ventura
1168 2235 1290 2295 recurrit

540 2337 694 2414 agrestum
706 2318 781 2397 bona
794 2358 871 2408 cura,
890 2339 970 2416 sequi
983 2340 1018 2398 fit
1030 2358 1097 2398 cura
1110 2339 1233 2398 tenentia

539 2438 643 2497 Adrios
655 2458 805 2499 nemorum
818 2441 932 2510 tradua,
950 2441 1086 2517 tilvasque
1098 2441 1232 2499 virenter:

488 2614 491 2620 Δ
539 2540 585 2597 Te
597 2540 717 2599 cultrice
729 2560 817 2619 vagus
829 2542 915 2600 saltus
927 2542 1002 2601 feror
1013 2542 1098 2612 inter,
1117 2554 1147 2601 et
1159 2554 1250 2601 antra.

578 2644 622 2701 At
635 2655 676 2714 tu,
697 2644 743 2703 cui
756 2644 865 2703 meritis
877 2645 967 2702 oritur
979 2644 1084 2703 fiducia
1097 2645 1211 2717 chartis,

538 2728 641 2804 uuavi
654 2747 821 2815 venerande,
840 2746 912 2804 meia
924 2746 1055 2804 adlabere
1067 2746 1177 2823 emptis,

539 2846 640 2906 annue
649 2865 732 2925 puer:
748 2847 802 2905 tibi
812 2866 938 2925 namque
947 2847 1025 2906 canit
1035 2848 1331 2925 nonpaginabellum,

538 2948 659 3026 Phlegra
671 2949 814 3025 Giganteo
826 2948 917 3026 sparsa
929 2951 970 3008 est
982 2969 1040 3025 quo
1053 2948 1190 3026 sanguine
1202 2950 1301 3023 tellure

536 3050 603 3109 Nec
615 3050 788 3109 Centaureos
802 3051 936 3128 Lapithae
948 3052 1084 3128 conpellit
1096 3053 1127 3108 in
1139 3053 1224 3124 enfis3

536 3151 606 3212 Urit
619 3150 817 3211 Erichthouiaa
830 3152 934 3211 Oriens
946 3170 1004 3212 non
1016 3153 1131 3229 ignibus
1143 3171 1233 3226 arcem

536 3255 607 3314 Non
620 3253 755 3333 perfoffua
765 3254 868 3323 Athos,
882 3274 935 3313 nec
947 3274 1053 3332 magno
1065 3254 1179 3313 vincula
1191 3256 1282 3314 Ponto

391 3354 434 3379 '⁸
537 3356 627 3436 Jadla,
647 3375 712 3415 meo
724 3366 854 3433 quaerent
860 3354 922 3433 jam
934 3357 994 3414 sera
1006 3356 1153 3414 volumine
1165 3357 1284 3429 famam5
1368 3394 1370 3399 .

535 3459 606 3520 Non
619 3457 823 3536 Hellespontus
834 3460 954 3536 pedibus
966 3457 1093 3535 pulsatus
1105 3477 1255 3535 equorum,

536 3562 648 3621 Graecia
661 3580 728 3620 cum
741 3560 840 3619 timuit
852 3560 992 3619 venientia
1004 3559 1132 3637 undique
1142 3560 1249 3619 Persaar
1332 3559 1334 3563 ’

535 3665 638 3724 Mollia
651 3664 699 3724 sed
712 3664 793 3723 tenui
805 3681 967 3741 percurrere
977 3662 1102 3721 carmina
1115 3662 1206 3730 versu,

535 3767 654 3827 Viribus
666 3778 732 3845 apta
744 3768 811 3836 suis,
824 3766 931 3825 Plroebo
943 3774 974 3823 et
986 3766 1058 3822 duoe
1070 3763 1177 3833 ludere,
1190 3764 1303 3841 gaudet.

536 3867 574 3925 Et
587 3879 629 3938 tu,
649 3869 743 3927 sanate
754 3887 834 3945 puer,
848 3867 1026 3935 venerabilia,
1046 3877 1075 3924 et
1088 3867 1142 3925 tibi
1154 3875 1245 3926 certet

534 3969 632 4028 Gloria
644 3980 815 4046 perpetuum
827 3969 899 4027 lucia
911 3968 1042 4029 mansura
1054 3986 1106 4045 per
1117 3985 1222 4042 eruam

534 4070 572 4128 Et
585 4070 639 4128 tibi
652 4070 716 4128 sede
729 4070 776 4147 pia
788 4083 903 4129 maneat
915 4071 1003 4140 locus,
1023 4081 1053 4128 et
1066 4070 1119 4129 tibi
1132 4069 1223 4149 sospes

534 4170 641 4228 Debita
653 4171 745 4229 felicis
758 4183 932 4230 memoretur
944 4172 1002 4231 vita
1015 4192 1067 4249 per
1079 4191 1176 4241 annoa,

533 4272 621 4347 Grata
634 4273 715 4330 bonla
729 4273 835 4330 lucens.
875 4274 929 4331 Sed
942 4293 993 4332 noa
1006 4275 1042 4332 ad
1054 4285 1147 4352 ooepta
1160 4275 1293 4335 feramur.

572 4374 678 4448 Igneus
690 4373 793 4431 Oeteaa
801 4373 862 4451 jam
875 4374 916 4432 sol
928 4386 1090 4451 penetrarat
1101 4377 1133 4434 in
1145 4376 1225 4445 arcia,

532 4474 719 4550 Candidaque
733 4486 831 4533 aurato
843 4477 990 4552 quatiebat
1002 4477 1112 4536 lumina
1124 4498 1209 4536 cumr
1214 4503 1224 4552 3

532 4575 670 4634 Crinibus
682 4586 713 4634 et
725 4575 809 4634 roseis
822 4580 952 4636 tenebras
964 4581 1076 4637 Aurora
1089 4580 1217 4657 fugarat:

532 4678 660 4756 Ptopulit
672 4687 706 4737 ut
718 4676 833 4738 stabulia
844 4680 882 4738 ad
892 4680 998 4758 pabula
1009 4680 1075 4740 leta
1087 4681 1208 4760 capellae
