3492 6884
512 1847 554 1907 σι
748 1841 1077 1911 cnonorcors,
1224 1841 1312 1916 ισς.

514 2000 652 2061 Inseritur
664 2020 733 2058 rero
744 2013 774 2057 et
788 2000 850 2057 t'etu
863 1999 945 2057 nucis
956 2001 1074 2057 arbutus
1086 1997 1213 2069 borrida;

513 2108 552 2164 Et
565 2106 671 2163 steriles
684 2104 794 2181 platani
807 2104 898 2161 malos
910 2102 1016 2179 gellere
1028 2101 1163 2173 ralentis;

512 2209 658 2267 castanon
671 2209 763 2284 fagus,
783 2225 927 2282 omusque
939 2206 1071 2263 incanuit
1084 2206 1150 2262 albo

512 2311 595 2369 Flore
608 2310 673 2387 piri,
693 2309 887 2386 glandemque
900 2306 962 2364 sues
975 2306 1087 2383 fregere
1101 2307 1153 2364 sub
1165 2307 1260 2370 ulmis.

551 2416 617 2473 Nec
629 2414 732 2471 modus
743 2412 867 2470 inserere
880 2422 967 2486 atque
981 2411 1078 2468 oculos
1097 2410 1234 2487 inponere
1247 2411 1312 2468 tim·

630 2518 712 2594 pler:

513 2621 602 2689 Nam,
622 2620 679 2695 qud
693 2618 721 2675 se
735 2618 831 2674 medio
844 2616 965 2673 trudunt
978 2616 1014 2673 de
1027 2615 1133 2673 cortice
1146 2635 1279 2692 gemmae,

513 2725 552 2780 Et
565 2723 659 2779 tenuis
672 2730 810 2796 rumpunt
824 2720 945 2788 tunicas,
965 2720 1099 2795 angustus
1112 2720 1142 2776 in
1156 2719 1217 2796 ipso

513 2826 561 2885 Fit
574 2826 650 2882 nodo
664 2825 753 2881 smus:
776 2822 833 2879 buc
846 2822 940 2879 atiena
954 2842 989 2878 cx
1004 2825 1103 2879 arbore
1117 2841 1234 2898 germen

512 2929 680 2997 lncludunt‚
700 2927 814 3001 udoque
827 2926 932 2983 docent
945 2924 1100 2983 inolescere
1113 2926 1197 2983 libro.

513 3033 577 3090 Aut
590 3031 703 3089 rursum
715 3029 821 3087 enodes
833 3029 928 3086 trunci
942 3028 1113 3097 resecantur,
1133 3041 1163 3085 et
1176 3028 1234 3086 alte

512 3135 646 3194 Finditur
658 3135 689 3191 in
703 3133 826 3190 solidum
838 3131 939 3190 cuneis
951 3132 1011 3201 ὡς
1033 3132 1139 3189 deinde
1151 3133 1258 3190 feraces

513 3239 622 3298 Plantae
642 3237 844 3295 inmittuntur:
867 3254 921 3292 nec
938 3235 1059 3313 longum
1079 3247 1199 3312 tempus,
1219 3245 1250 3294 et
1265 3233 1311 3293 in·

590 3360 662 3420 gens

512 3446 593 3505 Exiit
606 3447 642 3504 ad
654 3445 760 3503 coelum
774 3444 859 3501 ramis
873 3442 1006 3501 felicibus
1018 3444 1108 3509 arbos,

511 3551 693 3626 Miraturque
707 3568 796 3607 novas
809 3548 920 3605 frondis
933 3557 962 3603 et
975 3565 1033 3603 non
1047 3545 1095 3603 sua
1109 3564 1204 3621 poma.

549 3656 696 3720 Praeterea,
710 3671 799 3729 genus
810 3650 889 3708 haud
902 3668 1003 3717 unum,
1016 3667 1069 3706 noc
1080 3649 1203 3705 fortibus
1212 3648 1309 3717 ulmis,

510 3758 576 3816 Nec
589 3756 678 3824 salici,
697 3756 824 3829 lotoque,
846 3772 940 3829 neque
953 3751 1037 3809 Idaeis
1049 3751 1205 3828 cypariffis:

510 3859 576 3917 Nec
589 3860 711 3935 pingues
723 3876 812 3913 unam
826 3856 855 3912 in
869 3855 973 3912 faciem
988 3854 1143 3912 nascuntur
1154 3853 1247 3923 olim,

510 3962 667 4030 Orchades,
687 3968 717 4017 et
729 3959 811 4028 radii,
832 3968 861 4015 et
875 3960 970 4015 amard
984 3959 1078 4034 pausia
1091 3959 1187 4024 baccd,

512 4064 664 4139 Pomaque,
684 4071 714 4119 et
728 4062 846 4119 Alcinoi
859 4062 948 4118 silvae:
971 4081 1025 4117 nec
1038 4060 1165 4117 surculus
1177 4060 1255 4117 idem

511 4165 681 4224 Cmstumiis
697 4166 841 4241 Syriisque
855 4165 934 4241 piris,
955 4164 1143 4240 gravibusque
1156 4163 1289 4222 volemist

511 4269 581 4327 Non
594 4270 695 4326 eadem
705 4269 852 4326 arboribus
866 4269 972 4345 pendet
986 4268 1129 4325 tindemia
1144 4268 1252 4338 nostris,

511 4372 610 4430 Quam
624 4370 824 4447 Methymnaeo
837 4372 929 4449 carpit
941 4372 977 4428 de
990 4370 1109 4447 palmite
1124 4370 1238 4429 Lesbos.

510 4476 584 4533 Sunt
596 4474 708 4532 Tbafiae
721 4476 794 4533 vites
798 4501 807 4547 5
829 4476 896 4533 sunt
909 4484 938 4531 et
951 4473 1126 4531 Mareotides
1139 4473 1225 4545 albae5

510 4576 668 4655 Pinguibus
681 4577 726 4635 hae
740 4580 822 4636 terris
834 4579 954 4647 habiles,
975 4576 1128 4634 levioribus
1141 4576 1213 4648 illae3

509 4681 548 4739 Et
560 4682 637 4759 patio
650 4681 754 4741 Psrthia
767 4683 865 4740 utilior
869 4708 879 4754 5
901 4681 1052 4758 tenuisque
1066 4681 1186 4756 Lageos,

508 4784 668 4844 Tentatura
680 4786 766 4863 pedes
777 4786 857 4857 olim,
869 4785 1057 4862 vincturaque
1069 4784 1201 4861 linguam
1207 4807 1217 4855 ς
