3492 6884
470 1750 560 1802 ml.
659 1800 661 1803 Α
786 1741 947 1804 Lus-1.

423 1889 426 1896 ’
474 1897 645 1974 ignarosque
658 1897 711 1956 viae
723 1918 836 1959 meeum
848 1900 994 1984 miseratus
1006 1894 1129 1973 agrestis,

475 1998 634 2075 Ingredere,
646 2009 676 2057 et
688 2001 761 2058 votis
769 2000 830 2078 jam
842 2020 920 2058 nunc
932 1998 1052 2057 assuesce
1064 1995 1167 2054 vocari.
1209 2041 1213 2050 .

514 2099 588 2156 Vere
598 2119 681 2171 novo,
695 2102 805 2177 gelidus
817 2103 894 2159 canis
907 2120 996 2176 quum
1008 2098 1151 2157 montibus
1160 2097 1263 2154 humor

475 2199 618 2275 liquitur,
635 2210 674 2270 et,
693 2201 824 2279 Zephyro
836 2203 936 2279 putris,
954 2201 982 2258 se
996 2201 1078 2277 gleba
1090 2198 1212 2267 resolvit,

476 2300 611 2378 Depresso
623 2302 743 2379 incipiat
751 2302 812 2379 jam
826 2315 889 2361 trun
902 2303 974 2360 mihi
987 2312 1083 2359 taurus
1096 2311 1188 2358 aratro

476 2402 635 2477 Ingemere,
648 2413 678 2460 et
690 2404 767 2461 sulco
780 2405 900 2462 adtritus
912 2403 1102 2480 splendescere
1114 2419 1220 2459 vomer.

477 2504 532 2561 Illa
542 2503 622 2580 seges
634 2505 752 2562 demum
763 2505 836 2563 votis
849 2504 999 2580 respondet
1010 2504 1087 2562 avari

478 2606 628 2682 Agricolae,
647 2606 690 2663 bis
703 2625 766 2680 quae
779 2605 875 2672 solem,
894 2606 936 2661 bis
950 2605 1065 2679 frigora,
1078 2603 1176 2675 sensits

478 2707 560 2763 Illius
572 2706 707 2763 inmensae
720 2715 855 2782 ruperunt
868 2707 966 2763 horrea
980 2705 1087 2763 messes.

479 2810 523 2865 At
534 2806 621 2883 prius,
633 2806 765 2882 ignotum
780 2807 854 2863 ferro
866 2825 954 2883 quam
966 2805 1120 2863 scindimus
1131 2824 1236 2881 aequor,

480 2909 589 2970 Ventos
602 2918 631 2965 et
643 2907 754 2965 varium
766 2908 831 2974 ooeli
843 2908 1004 2984 praediscere
1014 2926 1121 2966 morem

481 3010 558 3067 Cura
571 3010 613 3077 sit,
627 3028 660 3072 ac
672 3009 777 3085 patrios
789 3010 939 3084 cultusque
949 3009 1118 3084 habitusque
1129 3008 1269 3080 looorum3

483 3112 521 3172 Et
530 3110 599 3185 quid
607 3129 727 3185 quaeque
736 3110 808 3168 serat
814 3110 902 3186 regio,
912 3120 941 3168 et
949 3110 1019 3185 quid
1028 3129 1148 3187 quaeque
1155 3110 1270 3168 recuset.

482 3212 542 3269 Hic
555 3210 671 3287 segetes,
691 3211 751 3268 illic
764 3212 884 3269 veniunt
896 3212 1007 3271 felicius
1018 3232 1080 3269 uvae
1087 3236 1096 3283 ;

484 3312 606 3371 Arborei
619 3312 694 3369 setus
708 3312 786 3380 alibi,
806 3322 891 3387 atque
903 3312 1003 3389 injussa
1015 3314 1158 3372 virescunt

484 3413 631 3472 Gramina.
652 3412 854 3480 Nonnevides,
862 3432 971 3471 croceos
981 3414 1138 3472 utTmolus
1146 3415 1253 3483 odores,

483 3515 568 3573 lndia
580 3513 673 3572 mittit
684 3515 763 3581 ebur,
783 3512 882 3570 molles
894 3512 942 3570 sua
956 3524 1017 3571 tura
1032 3514 1139 3572 Sabaei?

485 3617 526 3674 At
540 3615 681 3691 Chalybes
694 3614 764 3671 nudi
778 3614 894 3681 serrum,
908 3614 1053 3689 virosaque
1066 3617 1169 3672 Pontus

484 3717 624 3784 Castorea,
637 3715 770 3773 Eliadum
782 3715 890 3792 palmas
902 3715 1002 3791 Epiros
1013 3734 1158 3790 equarum.
1198 3755 1202 3766 .
1302 3746 1314 3772 ι

486 3818 631 3876 Continuo
644 3816 694 3874 has
707 3816 792 3892 leges,
812 3828 972 3891 aeternaque
985 3817 1099 3885 soedera,
1118 3818 1202 3877 oertis

485 3918 615 3995 Inposuit
624 3918 738 4001 Natura
751 3917 829 3986 locis,
849 3936 905 3992 quo
918 3926 1043 3994 ternpore
1056 3917 1181 3994 primum

485 4020 646 4078 Deucalion
659 4038 781 4077 vacuum
793 4018 903 4095 lapides
911 4018 1028 4094 jadavit
1041 4018 1071 4076 iu
1084 4022 1197 4093 orbem;

487 4122 574 4179 Unde
586 4120 714 4178 homines
724 4120 794 4188 nati,
804 4121 906 4176 durum
917 4138 1013 4195 genus.
1035 4122 1111 4197 Ergo
1123 4141 1185 4198 age,
1196 4132 1277 4181 terrae

487 4222 598 4298 Pingue
608 4220 698 4278 solum
711 4220 809 4297 primis
822 4221 966 4295 extemplo
978 4240 995 4279 a
1008 4224 1150 4283 mensibus
1162 4224 1232 4283 anni

489 4323 584 4380 Fortes
595 4322 738 4378 invertant
751 4321 834 4390 tauri,
855 4321 1006 4396 glebasque
1014 4321 1136 4397 jacentis

490 4423 686 4481 Pulverulenta
698 4431 801 4497 coquat
814 4421 932 4479 maturis
945 4422 1048 4480 solibus
1061 4425 1147 4482 aestas.

490 4526 542 4592 At,
562 4524 582 4581 sr
595 4542 653 4581 non
666 4522 753 4580 suerit
767 4522 850 4579 tellus
863 4522 994 4593 secunda,
1014 4523 1065 4582 sub
1078 4525 1171 4602 ipsum

492 4626 647 4685 nruumm
661 4624 740 4684 tenui
753 4622 795 4681 sat
806 4624 860 4683 erit
873 4623 1038 4701 suspendere
1051 4625 1142 4685 sulco:
