3492 6884
505 1774 545 1826 22
748 1764 1052 1833 Buconica,
1206 1774 1300 1836 vor,

507 1915 606 1991 AEgle,
627 1915 774 1974 Naiadum
787 1918 977 1994 pulcherrima
982 1942 990 1987 5
1007 1914 1124 1992 jamque
1136 1911 1249 1971 videnti

508 2017 676 2093 Sanguineis
688 2017 814 2077 srontem
827 2018 914 2076 moris
926 2028 955 2076 et
970 2027 1096 2093 tempora
1109 2014 1215 2091 pingit.

505 2118 570 2187 Ille,
590 2119 688 2176 dolum
700 2120 803 2190 ridens,
825 2121 894 2177 Quo
906 2119 1020 2177 vincula
1032 2115 1165 2174 notititis?
1185 2113 1295 2190 inquit:

507 2221 613 2278 Solvite
627 2240 682 2290 me,
702 2222 783 2298 pueri
788 2247 798 2292 5
821 2220 887 2278 satis
899 2220 939 2277 est
951 2217 1071 2296 potuisse
1085 2216 1183 2274 videri.

507 2321 651 2390 Camrina,
672 2341 735 2398 quae
748 2323 843 2390 vultis,
863 2320 1038 2398 cognoscit05
1060 2318 1185 2376 carmina
1199 2316 1288 2385 vobis,

507 2424 585 2481 Huic
598 2425 675 2482 aliud
689 2425 826 2482 mercedis
838 2423 904 2481 erit.
944 2421 1035 2479 Simul
1049 2418 1152 2495 incipit
1165 2417 1234 2493 ipse.

505 2526 584 2583 Tum
594 2545 661 2584 vero
672 2527 703 2584 in
716 2544 867 2584 numerum
877 2525 1042 2597 Faunosque
1053 2522 1182 2595 serasque
1191 2518 1301 2582 viderer

506 2628 626 2695 Ludere,
648 2638 710 2683 tum
723 2627 829 2702 rigidae
841 2635 950 2683 motare
963 2622 1112 2685 cacumina
1125 2640 1256 2697 quercus.

506 2730 572 2787 Nec
585 2734 699 2786 tantum
710 2730 815 2786 Phoebo
828 2729 935 2804 gaudet
948 2727 1075 2786 Pamatia
1088 2744 1187 2801 rupes;

506 2831 570 2889 Nec
584 2840 697 2887 tantum
705 2830 842 2906 Rhodope
853 2830 995 2888 mimntur
1006 2840 1036 2886 et
1045 2826 1300 2903 IsmarusOrpbea.

546 2933 680 3008 Namque
693 2934 821 3000 canebat,
834 2932 879 2990 utl
891 2950 1030 3008 magnum
1042 2949 1093 3006 per
1105 2929 1192 2986 inane
1204 2930 1301 2996 coalia

507 3034 620 3111 Semina
635 3044 830 3109 terrarumque
841 3034 1002 3108 animaeque
1020 3031 1162 3106 marisque
1174 3030 1301 3099 stillent,

506 3136 544 3193 Et
557 3135 661 3211 liquidi
675 3136 757 3194 simul
770 3136 859 3212 ignis:
883 3135 971 3193 uthis
984 3134 1099 3192 exordia
1112 3133 1212 3209 primis

506 3237 624 3305 Omnia,
643 3249 673 3294 et
686 3237 745 3314 ipse
757 3248 836 3295 tener
849 3237 951 3301 mundi
964 3233 1138 3294 concreverit
1150 3234 1235 3291 orbis.

505 3339 582 3396 Tum
596 3340 696 3396 durare
709 3338 810 3408 solum,
830 3349 860 3395 et
873 3337 1032 3395 discludere
1045 3337 1140 3395 Nerea
1152 3344 1242 3412 ponto

505 3433 643 3518 Cieperit,
661 3453 691 3499 et
704 3460 798 3499 rerum
810 3438 960 3517 paullatim
973 3438 1082 3495 sumere
1095 3437 1217 3503 formae:

504 3545 627 3621 Jamque
640 3562 745 3600 novum
760 3553 841 3599 terrae
854 3541 984 3617 stupeant
996 3537 1137 3595 lucescere
1150 3537 1248 3608 solem,

504 3645 602 3703 Altius
615 3654 700 3722 atque
713 3645 816 3702 cadant
830 3641 968 3700 submotis
982 3639 1106 3697 nubibus
1118 3639 1239 3697 imbreo:

504 3747 651 3823 Incipiant
664 3745 739 3802 silvae
751 3742 978 3819 quamprimum
992 3741 1113 3816 surgere,
1127 3759 1273 3818 quumque

505 3848 579 3906 Rara
592 3865 643 3922 per
655 3846 769 3921 ignotos
781 3852 876 3900 errent
888 3841 1022 3899 animalia
1034 3841 1151 3901 montis.

505 3948 586 4006 Hinc
597 3947 705 4023 lapides
718 3946 831 4021 Pyrrhae
840 3942 941 4020 jactos,
961 3943 1092 4002 Saturnia
1105 3962 1202 4021 regna,

505 4049 709 4125 Caucasiasque
718 4050 804 4107 refert
811 4048 948 4117 volucres,
955 4047 1123 4123 furtumque
1128 4046 1300 4107 Promethei

505 4154 561 4212 Hie
574 4151 713 4231 adjungit,
734 4152 832 4228 Hylan
845 4160 942 4209 nautae
954 4169 1012 4226 quo
1025 4138 1250 4209 sonte'relifitum

504 4256 686 4323 clamassent,
706 4264 739 4312 ut
751 4254 820 4312 litua
832 4253 923 4331 Hylal
946 4252 1039 4329 Hylai
1061 4270 1147 4309 omne
1159 4252 1284 4312 sonaret:

504 4360 541 4417 Iit
554 4357 738 4427 fortunatam,
760 4357 780 4413 fi
793 4357 942 4432 nunquam
954 4361 1083 4412 armenta
1095 4352 1221 4426 fuiti'ent,

504 4458 656 4536 Pasiphaen
667 4456 744 4515 nivei
757 4456 862 4515 solatur
875 4474 970 4515 amore
977 4453 1104 4533 juvenci.

502 4562 553 4620 Ah
565 4561 647 4638 virgo
659 4559 776 4617 infelix!
798 4578 862 4635 quar
876 4568 905 4616 te
917 4557 1062 4616 dementia
1074 4556 1169 4633 cepit?

503 4662 638 4741 Broetidm
650 4661 797 4739 inplerunt
809 4660 885 4720 sallia
897 4660 1056 4737 mugitibus
1069 4677 1164 4736 agros:
