3492 6884
522 1801 581 1852 212
782 1792 1058 1864 AENEIDOS,
1215 1797 1321 1865 v.709.

521 1946 669 2008 Mirantur
681 1949 756 2008 dona
770 1949 888 2022 AEneae3
910 1949 1051 2008 mirantur
1064 1948 1171 2019 lulum,

522 2050 743 2127 Flagrantesque
756 2053 802 2110 dei
816 2053 919 2123 voltus,
941 2052 1127 2128 simulataque
1139 2051 1237 2120 verba,

521 2152 695 2229 Pallamqne,
715 2167 744 2211 et
757 2154 865 2231 pictum
879 2173 979 2212 croceo
991 2154 1122 2213 velamen
1134 2153 1268 2214 acantho.
1329 2186 1332 2191 ·

521 2255 664 2333 Praecipue
677 2255 790 2324 infelix,
809 2256 880 2334 pesti
893 2259 995 2315 devota
1008 2257 1123 2324 futurae,
1153 2295 1155 2298 .

520 2356 638 2435 Expleri
651 2368 779 2416 mentem
792 2360 903 2435 nequit,
923 2358 1101 2435 ardescitque
1114 2359 1223 2416 tuendo

522 2459 672 2529 Phrenissa,
692 2470 722 2517 et
735 2461 840 2537 pariter
852 2480 941 2538 puero
954 2460 1092 2537 donisqhe
1106 2470 1246 2518 movetur.

521 2561 584 2633 Ine,
605 2563 655 2619 ubi
669 2563 811 2637 conplexu
825 2563 931 2621 AEneae
943 2563 1075 2639 colloque
1086 2562 1233 2639 pependit,
1307 2550 1312 2567 '

521 2663 559 2721 Et
572 2682 711 2739 magnum
725 2663 786 2721 falfi
800 2664 920 2742 inplevit
934 2664 1072 2742 genitoris
1085 2683 1211 2722 amorem
1216 2687 1226 2735 ς

522 2765 664 2841 Reginam
677 2765 763 2841 petit:
776 2766 847 2823 haec
858 2766 958 2836 oculis,
978 2767 1039 2825 haec
1052 2767 1166 2844 pedore
1179 2776 1250 2837 toto,

521 2867 631 2935 Haeret,
651 2879 681 2924 et
694 2867 838 2948 interdum
851 2869 962 2945 gremio
976 2869 1070 2942 sovet3
1090 2868 1181 2928 inscia
1194 2869 1281 2939 Dido,

521 2970 629 3029 insudat
641 2982 765 3046 quantus
777 2971 887 3029 miserae
900 2973 979 3030 dena.
1019 2974 1062 3031 At
1074 2991 1185 3030 memor
1197 2973 1249 3031 ille
1318 3018 1322 3026 .

520 3072 625 3132 Matris
638 3072 788 3141 Acidaliae,
808 3073 960 3150 paullatim
973 3075 1085 3133 abolere
1098 3075 1250 3152 Sychaeum

521 3175 637 3252 Incipit,
656 3185 686 3233 et
697 3176 763 3234 vivo
777 3186 868 3234 tentat
881 3185 1048 3254 praevertere
1058 3195 1155 3234 amore

520 3280 587 3356 Jam
599 3279 709 3355 pridem
721 3278 822 3335 restdes
835 3279 954 3347 animoa,
974 3267 1146 3354 desuetaque
1158 3279 1253 3337 corda.

560 3381 708 3457 Postquam
716 3376 808 3457 prima
816 3380 898 3456 quies
905 3379 1006 3457 epulis,
1013 3379 1175 3456 mensaeque
1186 3366 1317 3455 remoti,

520 3483 650 3540 Crateras
664 3502 782 3559 magnos
795 3483 931 3550 statuunt,
950 3492 981 3539 et
992 3483 1060 3540 vina
1073 3494 1220 3541 coronant.

520 3586 567 3643 Fit
580 3586 709 3662 strepitus
723 3584 813 3652 tediis,
833 3602 991 3659 vocemque
1003 3603 1054 3661 per
1065 3584 1161 3660 ampla
1174 3584 1307 3646 volutant

519 3687 619 3745 Atria:
642 3687 804 3765 dependent
817 3686 916 3762 lychni
930 3684 1109 3761 laquearibus
1122 3685 1215 3744 aureis

519 3790 640 3860 lucensi,
661 3800 690 3847 et
704 3790 817 3847 nodtem
828 3787 1218 3846 flammiasunaliavincunt.
1339 3838 1342 3846 Δ
1391 3796 1395 3804 ’

518 3893 579 3950 Hic
591 3892 700 3968 regina,
720 3909 836 3968 gravem
850 3889 972 3966 gemmis
984 3906 1120 3964 auroque,
1139 3889 1271 3966 poposcit
1339 3921 1345 3931 ·

518 3993 701 4068 inplevitque
711 4011 800 4060 mero,
814 4003 941 4066 pateram
945 4014 955 4061 3
974 4009 1062 4066 quarn
1073 3991 1167 4060 Belus,
1178 4001 1208 4049 et
1218 4010 1318 4050 omnes

518 4093 548 4149 Α
561 4093 631 4149 Belo
643 4092 729 4149 soliti.
767 4093 845 4149 Tum
860 4092 934 4149 fadta
948 4091 1058 4149 silentia
1070 4091 1165 4150 tectis:

517 4194 660 4272 Juppiter,
680 4192 839 4270 hospitibus
852 4212 920 4251 nam
933 4203 962 4250 te
975 4194 1042 4251 dare
1051 4192 1116 4270 jura
1127 4194 1296 4270 loquuntur,
1338 4271 1342 4277 Ι

517 4297 606 4354 Hunc
620 4296 719 4352 laetum
732 4295 885 4371 Tyriisque
897 4296 983 4365 diem,
996 4295 1140 4374 Trojdque
1152 4297 1296 4374 prosodia,

517 4398 580 4456 Esse
594 4397 679 4467 velis;
701 4396 863 4473 nostrosque
876 4397 961 4475 hujus
974 4397 1134 4456 meminisse
1147 4399 1279 4458 minores.

517 4500 601 4558 Adsit
612 4492 722 4557 laetitiae
735 4499 863 4556 Bacchus
875 4500 965 4568 dator,
985 4511 1015 4557 et
1028 4501 1102 4557 bona
1116 4502 1211 4576 Juno:

517 4604 555 4660 Et
567 4622 626 4671 vos,
645 4620 673 4670 o,
693 4610 810 4670 ooetum,
826 4601 924 4678 Tyrii!
945 4601 1086 4659 celebrate
1099 4602 1237 4661 faventes.

555 4705 649 4777 Dixit,
669 4700 744 4763 etin
756 4702 885 4763 mensam
897 4702 1018 4764 laticum
1034 4704 1137 4766 libavit
1149 4705 1297 4775 honorem,
