3492 6884
500 1781 558 1833 tto
800 1776 826 1835 C
839 1776 870 1835 U
883 1776 908 1834 L
921 1776 946 1836 Ε
958 1776 996 1834 Χ.
1189 1793 1217 1832 v.
1228 1780 1294 1833 ³50.

499 1930 645 1989 Conruere
657 1940 688 1990 et
700 1931 747 1989 Sol
760 1930 829 2009 ipse,
848 1940 879 1989 et
892 1932 979 1990 sidera
991 1928 1093 1988 cunda
1106 1928 1253 1988 minantur
1256 1953 1266 2001 ς

497 2033 545 2090 Ac
557 2032 681 2092 venitin
695 2045 782 2092 terras
794 2034 860 2093 coeli
873 2034 979 2112 fragor.
1019 2032 1087 2099 Hic,
1100 2031 1187 2089 modo
1198 2032 1273 2102 laeta,

498 2134 592 2211 Copia
605 2153 683 2195 nunc
695 2136 803 2195 miseris
815 2137 1010 2194 circumdatur
1021 2134 1106 2192 anxia
1119 2132 1195 2201 sutis,
1309 2151 1315 2162 ·

497 2233 712 2315 inmoriturque
723 2239 808 2315 super
819 2239 933 2308 fludtus,
952 2248 983 2296 et
995 2237 1061 2295 saxo
1074 2235 1225 2313 Capherei,

496 2338 639 2398 Euboicas
651 2350 681 2399 et
693 2359 743 2418 per
756 2352 863 2409 cautes,
883 2341 1046 2417 AEgaeaque
1058 2339 1115 2397 late

497 2440 609 2499 Litora:
631 2461 699 2501 cum
712 2443 844 2519 Phrygia
854 2442 955 2519 paffim
967 2460 1039 2517 vaga
1051 2441 1145 2517 preda
1156 2450 1291 2518 peremtas

495 2542 630 2602 Flustuat
641 2544 734 2603 omnis
745 2543 777 2601 in
790 2562 921 2620 aequoreo
928 2542 990 2621 jam
1003 2544 1141 2620 naufraga
1151 2543 1251 2605 osen

534 2644 593 2703 Hic
606 2645 656 2703 alii
668 2646 773 2714 fidunt,
793 2644 896 2721 pariles
908 2644 1023 2703 virtutis
1035 2645 1152 2713 honore,

495 2732 614 2813 Herode,
633 2746 791 2822 mediisque
804 2745 849 2804 siti
862 2745 929 2804 sunt
941 2745 1054 2805 sedibus
1066 2765 1179 2818 omnen

449 2863 453 2870 ·
493 2846 600 2905 Omnis
612 2848 704 2905 Roma
716 2849 803 2906 decus
815 2848 916 2924 magni
928 2868 1000 2925 quos
1012 2847 1129 2926 suscipit
1140 2850 1225 2908 orbis.

493 2947 554 3007 Hic
566 2948 657 3017 Fabii,
671 2949 827 3025 Deciique;
849 2949 899 3009 hic
910 2950 950 3008 est
963 2962 992 3008 et
1005 2952 1126 3009 Horatia
1139 2952 1241 3023 virtus3

492 3048 554 3107 Hic
565 3059 596 3108 et
607 3050 685 3109 sama
698 3060 781 3109 vetus
794 3070 954 3129 numquam
966 3052 1103 3111 moritura
1117 3053 1235 3113 Camilli
1239 3077 1249 3125 3

493 3150 611 3210 Curtius
623 3162 661 3223 et,
681 3152 784 3212 mediis
796 3172 885 3229 quern
897 3156 1042 3230 quondam
1055 3153 1167 3213 sedibus
1179 3157 1258 3215 urbis

491 3253 637 3312 Devotum
651 3254 736 3312 tellus
748 3253 903 3313 consumfit
915 3256 1037 3332 gurgitis
1049 3255 1164 3315 haustu:

395 3351 397 3356 ⁴
431 3431 436 3443 ⁹
491 3355 610 3414 Mucius
623 3368 652 3413 et
664 3357 788 3434 prudens
800 3358 930 3415 ardorem
942 3376 1059 3435 corpore
1071 3358 1163 3435 passus

491 3457 646 3534 legitime,
666 3459 745 3517 cessit
757 3459 803 3517 cui
817 3458 906 3518 stadia
917 3460 1047 3536 potentia
1061 3461 1158 3536 Regis.
1215 3519 1218 3525 ,

491 3559 550 3618 Hic
562 3560 676 3629 Curius,
695 3562 779 3619 clarae
792 3560 884 3619 socius
897 3560 1020 3631 virtutis,
1040 3573 1071 3618 et
1082 3561 1133 3619 ille

490 3660 658 3732 Flaminius,
677 3664 778 3721 devota
791 3663 870 3721 dedit
883 3663 932 3738 qui
946 3681 1062 3740 corpora
1075 3662 1170 3722 samae.

489 3765 561 3841 Jure
572 3765 663 3841 igitur
674 3766 739 3823 talis
749 3764 827 3822 sodes
839 3764 954 3840 pietatis
966 3764 1096 3822 honorat.

488 3864 554 3924 Illic
567 3867 762 3944 Scipiadaeque
775 3867 873 3936 duces3
895 3866 997 3923 devota
1010 3865 1163 3941 triumphis

488 3967 601 4026 Moenia
614 3986 685 4044 quos
697 3967 809 4043 rapidos
822 3965 938 4042 Libycae
951 3966 1134 4043 Carthaginis
1147 3967 1272 4029 horrent.

527 4069 576 4127 llii
589 4069 673 4127 laude
686 4069 735 4126 sud
748 4068 864 4143 vigeant
869 4091 879 4138 3
900 4086 955 4144 ego
967 4066 1047 4126 Ditis
1059 4087 1161 4145 opacos

488 4172 586 4247 Cogor
597 4169 675 4227 adire
687 4169 774 4238 lacus,
788 4169 888 4226 viduos
901 4187 918 4225 a
930 4168 1041 4228 lumine
1055 4170 1167 4243 Phoebi3

488 4271 642 4330 Etvastum
651 4268 859 4345 Phlegethonta
867 4270 941 4347 pati:
962 4290 1031 4347 quo,
1041 4272 1285 4350 maximeMinos,

487 4371 686 4432 conscelerata
699 4371 746 4448 pii
758 4369 893 4429 discernis
907 4372 1018 4449 smgula
1031 4375 1105 4433 sede.

487 4475 564 4552 Ergo
573 4473 635 4551 jam
646 4472 769 4532 caussam
782 4474 890 4543 mortis,
906 4473 966 4551 jam
980 4475 1075 4534 dicere
1087 4477 1164 4548 vitae,

487 4576 661 4636 Verberibus
674 4576 746 4636 saevo
760 4586 869 4654 cogunt
882 4579 918 4635 ab
927 4576 1026 4654 judice
1038 4580 1131 4638 Poenae
1138 4606 1148 4653 3

486 4679 565 4739 Cum
575 4678 649 4739 mihi
661 4688 695 4739 tu
707 4680 742 4739 fis
754 4678 846 4740 caussa
858 4679 938 4752 mali,
951 4698 1006 4739 nec
1019 4681 1148 4743 conscius
1160 4686 1240 4756 udsu,
