3492 6884
470 1769 580 1834 ema
773 1760 970 1821 CULEx
1214 1767 1268 1819 rm

471 1916 589 1976 Anxius
600 1916 708 1976 inlidiis
721 1917 823 1988 nullia3
845 1917 902 1986 sed,
915 1918 1010 1975 lentus
1023 1916 1053 1973 in
1067 1914 1172 1985 herbis,

470 2020 576 2077 Securo
588 2020 691 2096 prelloe
704 2019 804 2077 somno
816 2020 1000 2078 mandaverat
1014 2029 1102 2076 artus.

451 2131 454 2136 ’
470 2121 581 2179 Stratus
595 2120 676 2178 bumi
689 2122 804 2179 dulcem
814 2121 945 2196 capiebat
957 2121 1042 2177 corde
1054 2120 1196 2195 quietem3

471 2222 514 2281 Ni
529 2223 596 2281 Fore
608 2222 732 2281 incertos
740 2220 859 2299 julliffet
871 2224 974 2281 ducere
987 2219 1075 2279 casus.

471 2324 561 2393 Nam,
574 2323 691 2383 solitum
703 2324 818 2383 volvens
831 2325 867 2381 ad
880 2337 992 2400 tempus
1005 2322 1140 2381 tractibus
1152 2321 1252 2390 isdem,

470 2425 611 2494 Iomanis,
623 2425 704 2485 vario
716 2427 875 2484 maculatus
888 2444 1012 2502 corpore,
1032 2424 1153 2501 serpens,

471 2527 586 2588 Mersus
598 2538 632 2587 ut
645 2528 675 2586 in
688 2528 759 2586 limo
772 2547 892 2604 magnos
904 2526 1059 2586 subfideret
1071 2527 1161 2594 aesttu,

472 2631 568 2690 Obvia
581 2631 704 2688 vibranti
717 2649 837 2707 carpens
850 2630 943 2706 gravis
956 2632 1020 2689 aira
1032 2630 1142 2705 lingua,

472 2732 641 2810 squamosos
653 2732 718 2790 latis
732 2734 883 2808 torquebat
895 2732 1020 2790 motibus
1032 2732 1118 2789 orbis.

471 2834 628 2893 Tollebant
640 2852 717 2892 aurae
730 2833 870 2892 venientia
882 2835 918 2892 ad
930 2833 1028 2895 omnia
1042 2835 1128 2892 visus.

473 2938 541 3015 Jam
550 2936 643 3013 magia
651 2945 739 3012 atque
751 2937 852 3012 magis,
865 2955 968 3013 corpus
980 2936 1138 2996 revolubile
1148 2936 1272 3005 volvens,

473 3038 602 3098 Adtollit
614 3036 714 3095 nitidis
726 3038 825 3113 pedus
836 3037 1007 3115 fulgoribus,
1027 3048 1057 3096 et
1069 3041 1099 3096 se

474 3139 599 3199 Sublimi
611 3138 720 3197 cervice
733 3138 821 3216 rapit:
843 3140 893 3197 cui
905 3140 995 3209 critla,
1014 3141 1134 3217 superne

448 3217 458 3235 ο
476 3242 571 3311 Edita,
584 3260 726 3319 purpureo
738 3242 836 3299 lucens
848 3242 1009 3299 maculatur
1021 3241 1137 3310 amictu,

474 3343 680 3422 Adspettuque
691 3343 799 3426 micant
812 3344 989 3402 flammantia
1002 3345 1112 3401 lumina
1125 3354 1215 3402 torvo.

475 3447 608 3504 Metabat
621 3444 678 3502 late
690 3445 799 3504 circum
812 3445 872 3502 loca
879 3468 887 3513 3
909 3463 976 3501 cum
990 3444 1069 3501 videt
1081 3444 1184 3520 ingene

474 3546 639 3607 Adversum
651 3548 787 3605 recubare
801 3547 905 3604 ducem
918 3545 1021 3621 gregis.
1063 3545 1166 3603 Acrior
1178 3544 1261 3603 ludat

476 3649 602 3709 Lumina
615 3648 780 3707 diffundens
792 3648 950 3717 intendere,
971 3657 1001 3704 et
1013 3648 1096 3705 obvia
1111 3657 1192 3705 torvo

475 3752 584 3830 Soepiur
597 3750 739 3828 adripiens
752 3752 917 3826 infringere,
937 3750 1015 3825 quod
1029 3724 1078 3807 fua
1091 3749 1244 3825 quisquam

476 3856 526 3914 Ad
537 3855 610 3913 vada
623 3853 756 3911 veniffet:
779 3861 889 3911 naturae
899 3862 1036 3929 conparat
1048 3871 1140 3910 arma:

477 3958 570 4016 Ardet
583 3965 690 4023 mente,
710 3955 781 4013 furit
795 3954 966 4022 stridoribus,
985 3954 1100 4013 intonat
1111 3972 1174 4026 ore3

479 4058 614 4118 Flexibue
626 4056 726 4115 evertis
739 4065 889 4132 torquetur
901 4056 1026 4134 corporis
1038 4056 1127 4127 orbim
1228 4081 1230 4083 ’

478 4162 603 4221 Manent
615 4158 778 4236 sanguinea
790 4177 840 4235 per
853 4160 958 4218 tranas
971 4160 1101 4235 undique
1114 4167 1219 4237 guttae3

478 4263 599 4341 Spiritus
611 4271 642 4321 et
655 4258 762 4338 rumpit
774 4261 881 4319 fauces.
917 4262 991 4320 'Quo
1005 4262 1106 4320 cundia
1118 4272 1246 4339 parante,

479 4365 617 4426 Parvulua
628 4363 707 4422 hunc
719 4362 797 4440 prior
808 4362 936 4421 humoris
947 4364 1245 4433 conterretalnmntn,

479 4471 518 4528 Et
530 4478 653 4527 mortem
665 4466 755 4524 vitare
767 4476 865 4523 monet
879 4483 930 4542 per
942 4466 1084 4524 acumina.
1114 4466 1259 4541 Namque,

481 4569 551 4629 Qua
563 4568 678 4627 didudta
691 4585 779 4643 genae
791 4565 951 4643 pingebant
963 4567 1073 4625 lumina
1085 4566 1217 4644 gemmis,

481 4672 547 4730 Hac
559 4669 675 4730 senioris
687 4681 750 4729 erat
762 4678 871 4729 naturae
883 4666 993 4744 pupula
1007 4667 1065 4727 telo
