3492 6884
475 1791 515 1848 32
710 1800 1036 1875 GBORGICON‚
1162 1812 1275 1877 ΗΜ·

476 1947 572 2007 Nede
583 1951 657 2011 leves
669 1956 773 2017 melius
787 1959 907 2037 stipula,
926 1962 1010 2020 uode
1022 1960 1101 2019 arida
1113 1969 1204 2038 prata,

474 2050 644 2113 Tondentur
648 2084 657 2127 5
680 2060 775 2118 nodtes
788 2062 882 2121 lentus
896 2083 953 2121 non
966 2064 1063 2122 deficit
1076 2064 1187 2121 humor.

476 2155 514 2211 Et
527 2156 646 2231 quidam
660 2159 733 2219 seros
746 2163 859 2222 hiberni
866 2168 909 2242 ‘ad
923 2166 1040 2229 luminis
1052 2165 1134 2242 ignes

476 2257 639 2336 Pervigilat,
660 2263 791 2341 ferroque
804 2267 880 2324 faces
893 2266 1013 2343 inspicat
1026 2279 1124 2325 acuto:

477 2358 600 2431 Interea,
619 2364 739 2442 longum
752 2379 839 2426 cantu
853 2369 939 2427 solata
952 2369 1089 2439 laborem,

476 2464 592 2541 Arguto
604 2467 729 2543 conjunx
742 2471 882 2545 percurrit
895 2471 1008 2547 pediine
1022 2471 1108 2541 telas;

478 2567 540 2623 Aut
553 2568 645 2625 dulcis
659 2570 742 2627 musti
755 2572 884 2630 Volcano
897 2573 1032 2648 decoquit
1045 2573 1207 2641 humorem,

479 2668 516 2724 Et
527 2668 603 2725 foliis
617 2672 723 2729 undam
739 2673 841 2749 trepidi
855 2674 1006 2751 despumat
1019 2674 1113 2733 aheni.

517 2773 560 2828 At
573 2772 730 2831 rubicunda
744 2775 830 2833 Ceres
843 2776 939 2834 medio
953 2776 1108 2834 succiditur
1119 2776 1198 2844 astu,-

479 2874 517 2930 Et
529 2874 624 2931 medio
639 2876 720 2932 tostas
734 2877 800 2934 aestu
815 2877 881 2935 terit
894 2897 958 2935 area
971 2878 1077 2954 fruges

478 2974 583 3033 Nudus
596 2995 653 3044 ara,
674 2978 731 3035 sere
744 2980 851 3053 nudus;
873 2980 966 3037 hiems
979 2979 1083 3056 ignava
1096 2979 1207 3037 colono.

478 3077 643 3155 Frigoribus
656 3090 738 3156 parto
751 3080 884 3156 agricolae
894 3083 1063 3158 plerumque
1076 3082 1222 3150 fruuntur,

477 3181 641 3258 Mutuaque
654 3182 730 3240 int'er
744 3183 771 3240 se
784 3183 843 3241 laeti
856 3184 987 3241 convivia
1001 3192 1112 3242 curant.

477 3283 587 3342 Invitat
601 3284 721 3361 genialis
735 3285 836 3353 hiems,
856 3304 993 3361 curasque
1006 3284 1139 3342 resolvit:

478 3389 542 3446 Ceu
555 3388 652 3465 preffae
665 3408 755 3466 quum
763 3387 824 3466 jam
837 3400 951 3465 portum
966 3388 1087 3464 tetigere
1098 3386 1211 3458 carinae,

479 3491 623 3568 Puppibus
636 3502 665 3550 et
679 3492 737 3549 laeti
751 3502 845 3549 nautae
858 3490 1008 3567 inposuere
1021 3509 1150 3548 coronas.

479 3593 533 3650 Sed
544 3604 639 3652 tamen
648 3605 677 3652 et
686 3613 806 3670 quernas
814 3594 932 3669 glandes
941 3601 1004 3650 tum
1013 3592 1150 3669 stringere
1158 3602 1282 3670 tempus,

479 3696 517 3754 Et
529 3696 600 3754 lauri
614 3700 722 3765 baccas,
743 3697 902 3771 oleamque,
924 3705 1099 3770 cruentaque
1113 3704 1219 3770 myrta:

477 3799 555 3856 Tum
569 3800 688 3874 gruibus
704 3798 818 3875 pedicas
831 3807 859 3854 et
875 3796 946 3854 retia
959 3816 1064 3874 ponere
1076 3796 1176 3868 cervis,

478 3901 655 3976 Auritosque
668 3900 746 3974 sequi
760 3899 885 3974 lepores3
907 3910 970 3957 tum
983 3898 1072 3974 figere
1085 3899 1191 3967 damas,

479 4007 602 4080 Stuppca
617 4011 798 4078 torquentem
809 4001 932 4058 Balearis
945 4003 1061 4058 verbera
1074 4001 1173 4059 fundae
1180 4026 1190 4072 5

479 4105 637 4162 Quumnix
645 4102 790 4179 altajacet,
797 4102 920 4179 glaciem
927 4123 1016 4178 quum
1023 4104 1142 4161 flumina
1151 4103 1280 4162 trudunt.

519 4207 600 4263 Quid
615 4206 791 4282 tempestates
804 4204 952 4262 auctumni
965 4215 995 4262 et
1010 4205 1097 4262 fidcra
1110 4206 1225 4264 dicam?

479 4314 586 4385 Atque,
597 4310 648 4366 ubi
658 4308 718 4385 jam
729 4309 898 4383 breviorque
911 4310 971 4366 dies
984 4320 1013 4367 et
1026 4310 1140 4368 mollior
1153 4312 1240 4383 aestas,

479 4415 555 4472 Ouae
574 4412 718 4488 vigilanda
732 4410 816 4467 uiris?
838 4410 893 4478 vet,
913 4430 1004 4486 quum
1022 4411 1081 4468 ruit
1098 4412 1279 4473 imbriferum

556 4534 614 4583 ver,

478 4620 577 4696 Spicea
587 4616 648 4694 jam
661 4615 767 4691 campis
778 4633 867 4690 quum
881 4614 972 4672 messis
984 4615 1137 4683 inhorruit,
1148 4627 1177 4675 et
1186 4637 1280 4694 quum

478 4722 629 4780 Frumcuta
643 4717 674 4777 in
686 4717 771 4777 viridi
785 4716 886 4793 stipula
898 4717 1032 4777 lac‘tentia
1046 4722 1199 4794 turgueat?
