3492 6884
497 1728 538 1790 so
730 1730 1065 1800 ononorcon,
1189 1737 1298 1804 cmo.

497 1884 567 1943 Non
581 1886 709 1963 tepidum
723 1889 759 1945 od
773 1888 859 1945 solem
875 1907 983 1964 pennas
996 1886 1026 1944 in
1040 1886 1125 1944 litore
1137 1886 1277 1962 pandunt,

496 1988 618 2045 Dilectae
630 1989 759 2056 Thetidi,
780 1989 912 2064 alcyones
917 2014 924 2059 i
948 2007 1006 2046 non
1019 2007 1068 2045 ore
1081 1987 1185 2045 solutos

495 2091 633 2148 Inmundi
646 2091 802 2148 meminere
816 2092 877 2147 sues
886 2090 992 2167 jacinte
1005 2089 1155 2166 maniplos.

494 2193 537 2250 At
555 2192 667 2250 nebulae
686 2192 777 2269 magis
796 2192 854 2249 ima
874 2201 985 2269 petunt,
1005 2210 1164 2268 campoque
1182 2211 1295 2251 recum·

572 2298 644 2353 bunt
651 2322 659 2366 3

494 2397 565 2456 Solis
576 2409 604 2456 et
617 2398 747 2456 occasum
761 2399 873 2455 servans
887 2398 922 2455 de
935 2396 1062 2455 culmine
1076 2397 1189 2456 summo

494 2502 700 2578 Nequidquam
714 2501 787 2557 seros
800 2511 913 2558 exercet
927 2501 1029 2558 nostua
1044 2510 1153 2558 cantus.

493 2604 622 2680 Adparet
635 2603 744 2678 liquido
758 2601 887 2659 sublimis
901 2602 931 2659 in
945 2604 1009 2659 a'e're
1023 2601 1119 2669 Nisus,

492 2705 530 2762 Et
543 2725 594 2780 pro
607 2724 748 2781 purpureo
760 2724 858 2780 poenas
872 2705 921 2761 dat
935 2705 1027 2780 Scylla
1041 2703 1159 2780 capillo:

494 2806 685 2886 Quicumque
696 2807 745 2864 illa
754 2808 846 2865 levem
857 2807 971 2883 fugiens
985 2807 1060 2864 secat
1068 2807 1174 2865 aethera
1181 2808 1291 2884 pennis,

492 2908 579 2966 Ecce!
603 2908 746 2975 inimicus,
766 2919 857 2978 atrox,
878 2928 984 2984 magno
998 2908 1113 2965 stridore
1128 2928 1179 2985 per
1191 2929 1272 2968 auras

492 3009 656 3086 Insequitur
666 3011 769 3067 Nisus:
793 3011 850 3086 quit
864 3010 892 3067 se
905 3010 961 3067 sert
974 3009 1061 3067 Nisus
1075 3011 1110 3067 ad
1122 3030 1212 3081 auras,

489 3113 544 3170 1113
558 3114 649 3169 levem
663 3112 777 3188 fugiens
790 3113 896 3189 raptim
909 3112 983 3169 secut
995 3112 1101 3170 aethera
1114 3113 1227 3189 pennis.

489 3216 568 3274 Turn
580 3215 702 3290 liquidas
714 3215 791 3271 corvi
805 3214 895 3290 presso
909 3226 952 3271 ter
964 3225 1081 3289 gutture
1093 3233 1176 3272 voces

489 3319 552 3376 Aut
566 3327 666 3394 quater
679 3317 874 3393 ingeminant5
897 3325 926 3373 et
940 3314 1012 3391 saepe
1025 3316 1167 3375 cubilibus
1180 3317 1255 3388 altis,

489 3420 596 3479 Nescio
609 3422 665 3496 qui
678 3432 781 3496 praeter
794 3419 910 3475 solitum
925 3417 1076 3475 dulcedine
1088 3419 1159 3488 laeti,

488 3525 569 3582 Inter
581 3523 610 3581 se
623 3523 653 3580 in
667 3522 743 3579 foliis
757 3521 921 3597 strepitant3
938 3520 1021 3597 juvat
1034 3518 1174 3578 imbribus
1186 3521 1256 3587 36113

488 3627 657 3703 Progeniem
671 3645 790 3703 parvam
803 3624 950 3698 dulcisque
963 3621 1082 3681 revisere
1094 3624 1187 3683 nidos.

487 3731 586 3797 Haud,
605 3729 738 3804 equidem
751 3728 844 3794 credo,
865 3726 934 3801 quia
947 3725 980 3781 fit
995 3724 1133 3784 divinitus
1146 3727 1204 3786 illis

487 3830 652 3906 Ingenium,
672 3839 722 3886 aut
736 3847 830 3885 rerum
842 3828 903 3885 fato
915 3828 1065 3904 prudentia
1079 3827 1182 3906 major:

486 3933 606 3996 Verum,
626 3931 676 3988 ubi
691 3930 838 4005 tempestas
850 3940 878 3985 et
892 3929 957 3986 coeli
970 3930 1085 3987 mobilis
1098 3931 1204 3990 humor

486 4034 638 4091 Mutavere
650 4033 719 4101 vias,
739 4030 918 4107 etJuppitcr,
938 4032 1040 4089 uvidus
1053 4033 1162 4102 austris,

486 4136 603 4203 Denset‚
624 4145 704 4193 erant
719 4154 782 4209 quae
796 4153 856 4191 rara
871 4135 967 4203 modo,
987 4144 1026 4204 et,
1045 4155 1111 4211 quae
1124 4138 1219 4208 densa,
1239 4159 1285 4199 re-
1301 4189 1304 4197 .

564 4238 640 4295 laxat
645 4263 654 4309 ;

483 4342 645 4399 Vertuntur
657 4339 763 4416 species
776 4339 947 4408 animorum,
967 4350 996 4398 et
1010 4341 1121 4418 pestora
1136 4352 1233 4402 motus

482 4444 572 4503 Nunc
586 4443 663 4511 alios,
684 4441 762 4508 alios,
784 4442 853 4498 dum
867 4442 967 4499 nubila
978 4456 1082 4500 ventus
1094 4447 1207 4520 agebat,

483 4544 674 4621 Concipiunt:
697 4542 766 4599 hinc
779 4543 828 4599 ille
843 4543 940 4600 avium
953 4556 1107 4603 concentus
1120 4547 1151 4603 in
1164 4548 1248 4625 agris,

482 4649 521 4705 Et
532 4647 606 4705 laetae
619 4647 751 4723 pecudes,
772 4654 802 4703 et
814 4654 931 4703 ovantes
943 4655 1062 4722 gutture
1075 4648 1162 4707 corvi.
