3492 6884
486 1747 513 1789 v.
528 1738 596 1801 357.
803 1734 903 1793 LIB.
944 1736 968 1793 1.
1225 1741 1281 1803 199

483 1885 563 1942 Turn
574 1885 696 1945 celerare
708 1888 810 1967 fugam
822 1891 970 1967 patriaque
983 1889 1120 1947 excedere
1131 1887 1241 1956 suadet,

485 1988 694 2066 Auxiliumque
707 1991 761 2049 viae
776 2004 884 2050 veteres
898 1993 998 2051 tellure
1011 1991 1134 2049 recludit

484 2091 651 2163 Thesauros,
659 2094 804 2171 «ignotum
817 2098 928 2172 argenti
941 2096 1051 2172 pondus
1062 2104 1092 2152 et
1105 2093 1177 2152 auri.

484 2194 540 2252 His
551 2207 695 2265 conmota,
714 2197 814 2273 sugam
827 2198 905 2255 Dido
919 2198 1063 2273 sociosque
1075 2199 1201 2273 parabat.

485 2297 679 2368 Conveniunt,
699 2298 803 2374 quibua
815 2311 865 2357 aut
878 2302 977 2358 odium
990 2298 1105 2356 crudele
1118 2296 1241 2374 tyranni,

485 2399 548 2456 Aut
560 2409 654 2457 metus
666 2419 740 2470 acer,
753 2411 827 2459 erat:
850 2401 939 2470 navis,
954 2421 1018 2477 quae
1032 2401 1104 2458 sorte
1117 2409 1231 2477 paratae,

485 2501 668 2579 Conripiunt,
690 2513 865 2581 onerantque
878 2523 956 2561 auro.
997 2506 1148 2561 Portautur
1159 2501 1239 2560 avari

485 2606 678 2681 Pygmalionis
690 2627 756 2684 opes
768 2608 884 2685 pelago:
907 2608 966 2665 dux
978 2606 1086 2665 semina
1099 2604 1177 2663 saffi.

484 2705 634 2765 Devenere
647 2708 732 2778 locos,
752 2710 803 2768 ubi
816 2729 894 2768 nuuc
907 2710 1037 2787 ingentia
1050 2727 1147 2766 cemes
1222 2696 1224 2700 ¹

485 2808 605 2879 Moenia,
626 2811 844 2888 surgentemque
858 2831 939 2871 novae
953 2810 1136 2887 Carthaginis
1150 2828 1258 2868 arcem:

485 2910 667 2987 Mercatique
680 2913 780 2983 solum,
799 2915 867 2973 faui
881 2916 917 2972 de
930 2913 1046 2971 nomine
1059 2911 1184 2989 Byrsam,

484 3013 613 3071 Taurino
625 3027 766 3091 quantum
778 3016 889 3092 possent
901 3015 1079 3073 circumdare
1093 3026 1183 3090 tergo.

486 3116 540 3172 Sed
553 3134 611 3185 vos,
632 3117 683 3192 qui
696 3119 821 3187 tandem,
841 3118 946 3192 quibus
959 3127 1009 3174 aut
1021 3116 1134 3174 venistis
1147 3118 1184 3173 ab
1196 3114 1262 3186 orie,

487 3217 591 3275 Quove
604 3218 707 3276 tenetis
719 3219 789 3277 iter?
812 3219 963 3278 Quaerenti
977 3220 1081 3277 talibus
1094 3219 1144 3275 ille

487 3320 642 3396 Suspiraus‚
663 3322 778 3397 imoque
794 3322 908 3379 trahens
921 3341 938 3379 a
951 3323 1063 3398 pestore
1076 3340 1190 3379 vocem:

524 3421 553 3481 Ο
566 3423 642 3480 Dea!
664 3422 694 3490 fi,
714 3422 805 3499 primi
818 3435 948 3499 repetens
960 3426 997 3481 ab
1008 3423 1129 3499 origine,
1142 3440 1269 3500 pergam,

486 3523 525 3583 Et
537 3533 618 3581 vacet
631 3524 741 3582 annalis
755 3525 913 3582 nostrorum
926 3524 1024 3582 audire
1037 3525 1181 3595 laborum,

486 3629 566 3684 Ante
579 3626 657 3683 diem
669 3625 763 3684 clauso
776 3636 920 3702 conponet
932 3625 1029 3703 vesper
1041 3625 1178 3702 Olympo.

486 3727 647 3806 Nos·Tr¹oji
659 3728 790 3804 antiqua,
809 3728 830 3785 fi
843 3727 945 3785 vestras
958 3728 1032 3785 sorte
1044 3746 1095 3805 per
1108 3726 1185 3784 auris

485 3829 579 3908 Trojae
592 3849 697 3887 nomen
710 3830 754 3898 iit,
773 3829 883 3888 diversa
896 3848 947 3907 per
959 3849 1073 3906 aequora
1086 3831 1180 3887 veens

486 3932 571 3989 Forte
585 3932 634 3990 sua
648 3932 763 4008 Libycis
776 3932 924 4007 tempestas
937 3932 1050 4008 adpulit
1062 3931 1127 3990 oris.

486 4035 556 4093 Sum
567 4034 632 4110 pius
643 4034 762 4104 AEneas,
782 4044 877 4111 raptos
890 4034 941 4111 qui
954 4054 991 4092 ex
1003 4036 1082 4092 hone
1095 4036 1212 4093 Penates

486 4135 579 4194 Classe
592 4135 665 4194 veho
677 4155 801 4205 mecum,
821 4136 899 4194 fama
912 4136 995 4214 super
1006 4137 1112 4195 athera
1126 4147 1219 4196 notun.

486 4238 601 4297 Italiam
613 4256 709 4314 quaero
721 4239 843 4315 patriam
855 4247 885 4296 et
897 4258 988 4316 genua
1000 4241 1037 4297 ab
1047 4241 1119 4318 Jove
1132 4239 1253 4298 summo.

485 4341 535 4402 Bis
548 4341 627 4399 denis
643 4340 799 4417 Phrygium
811 4340 964 4398 conscendi
977 4341 1096 4399 navibus
1108 4360 1216 4417 aequor,

485 4443 582 4500 Matre
595 4443 659 4501 Dea
671 4441 844 4499 monstrante
857 4442 943 4512 viam,
963 4444 1029 4501 data
1045 4444 1105 4502 sata
1119 4443 1244 4513 secutur,

485 4545 545 4602 Vix
559 4543 677 4620 septem,
697 4543 836 4601 convolsae
848 4544 934 4601 undis
949 4545 1089 4622 Euroque,
1105 4544 1263 4620 supersunt.

488 4645 551 4723 lpse
563 4645 688 4723 ignotus,
708 4663 804 4723 egens,
825 4645 925 4722 Libyae
938 4646 1047 4704 deserta
1059 4663 1188 4722 peragro,
