3492 6884
333 1782 389 1848 172
568 1771 898 1834 cnnnnncan.
1062 1780 1147 1837 va:

330 1930 430 1990 Vidlor
437 1929 522 2001 adest,
535 1930 635 2007 magni
645 1930 964 2007 magnumdecuseccel
980 1930 1131 2008 triumphi,

368 2033 477 2104 Viator,
497 2033 554 2110 qni
567 2036 657 2103 terrae,
671 2034 784 2110 quique
796 2042 897 2111 patent
909 2034 1014 2105 maria5

329 2137 453 2196 Horrida
466 2137 619 2197 barbarieoe
631 2147 746 2214 portans
759 2137 882 2213 infignia
892 2157 1007 2216 pugna,

368 2242 496 2319 Magnus
508 2252 541 2300 ut
553 2241 688 2309 OEnides,
708 2253 798 2318 utque
811 2241 947 2318 superbus
960 2243 1047 2318 Eryx.

330 2345 396 2403 Nee
407 2345 503 2404 minus
515 2344 622 2403 ideirco
635 2344 741 2403 nostros
754 2364 922 2423 expromere
934 2354 1036 2403 cantiu

367 2448 525 2519 Maximus,
545 2458 575 2505 et
587 2446 695 2506 faunos
708 2449 814 2526 dignus
826 2449 902 2507 inire
914 2449 1026 2508 choros.

329 2553 395 2611 Hoc
407 2552 504 2629 itaque
517 2550 636 2609 insuetis
644 2550 735 2627 jadtor
747 2552 848 2629 magis,
869 2552 988 2629 optime,
1008 2550 1098 2609 curia:

369 2652 451 2714 Quid
465 2656 501 2714 de
513 2662 542 2713 te
554 2652 656 2731 poffim
668 2652 798 2725 scribere,
818 2655 925 2731 quidve
939 2655 1004 2714 tibi.

328 2759 474 2835 Namque,
493 2753 605 2817 fatebor
616 2755 705 2826 enim,
725 2776 790 2834 quae
801 2756 929 2817 maxima
942 2758 1104 2817 deterrendi

367 2859 487 2932 Debuit,
505 2860 639 2920 hortandi
650 2860 777 2919 maxima
790 2861 884 2919 cauffa
896 2862 964 2921 fuit.

327 2967 419 3025 Pauca
433 2973 482 3024 tua
494 2964 527 3022 in
539 2963 644 3022 noliras
656 2974 797 3022 venerunt
809 2964 937 3023 carmina
949 2965 1071 3035 chartas,

367 3068 503 3127 Carmina
515 3086 583 3127 cum
595 3067 705 3145 lingui,
725 3076 789 3125 tum
802 3066 869 3138 sale,
889 3068 1044 3145 Cecropiae

328 3172 474 3244 Carmina,
493 3190 559 3249 quae
572 3170 695 3249 Pylium,
715 3169 804 3228 saeclia
815 3171 935 3248 adcepta
948 3171 1064 3241 futuris,

366 3275 512 3346 Carmina,
531 3294 596 3352 qnae
607 3274 721 3353 Pylium
735 3274 851 3332 vincere
864 3275 952 3352 digna
965 3274 1071 3352 senem.

260 3391 261 3394 ’
326 3378 456 3440 Molliter
468 3378 517 3438 hic
529 3378 614 3437 viridi
626 3378 732 3456 patula
745 3376 797 3435 sub
810 3378 938 3455 tegmine
951 3380 1071 3454 quercus

364 3483 466 3541 Moeria
478 3483 600 3560 pastores
613 3492 642 3541 et
655 3480 811 3540 Meliboeus
823 3491 920 3554 erant,

325 3586 431 3645 Dulcia
439 3585 578 3662 jaetantea
591 3585 702 3646 alterno
714 3585 841 3644 carmina
854 3584 947 3656 versu,

366 3690 473 3748 Qualia
485 3689 642 3748 Trinacria
654 3689 753 3747 donus
768 3698 846 3747 amat
853 3687 977 3766 juvenis.

325 3792 467 3852 Certatim
479 3796 619 3852 ornabant
630 3811 728 3852 omnes
741 3794 869 3851 Heroida
883 3792 959 3865 divi,

364 3896 506 3955 Certatim
518 3897 600 3967 divae,
621 3915 739 3955 munere
752 3915 873 3972 quaeque
886 3896 947 3955 suo.

324 4000 449 4058 Felicem
463 4009 529 4058 ante
542 3999 611 4058 aliae
624 4008 706 4059 tanto
718 3998 853 4075 scriptore
864 3997 1007 4076 puellam!

362 4102 464 4161 Altera
476 4120 535 4160 non
548 4102 626 4160 fama
639 4101 744 4161 dixerit
757 4100 812 4159 effe
824 4101 919 4179 prior:

322 4205 392 4265 Nou
406 4205 464 4277 illa,
485 4205 678 4282 Hesperidum
691 4206 722 4263 ni
735 4224 854 4263 munere
867 4216 950 4282 capta
964 4204 1069 4274 fiaiffet,

362 4310 439 4367 Quae
451 4309 594 4366 volucrem
607 4309 690 4366 eursu
703 4308 810 4367 vicerat
824 4309 1052 4386 Hippomenem3
1126 4319 1130 4325 “

321 4412 452 4472 Candida
464 4430 572 4489 cycneo
585 4430 644 4470 non
656 4413 734 4470 edita
746 4412 888 4489 Tyndaris
900 4431 969 4486 0v03

340 4545 347 4560 ·
359 4516 430 4575 Non
444 4515 543 4593 supero
555 4516 669 4593 fulgens
681 4516 826 4593 Calliopea
838 4514 917 4593 polo:

320 4619 400 4689 Non,
419 4619 535 4678 defensa
547 4619 598 4678 diu
611 4620 761 4688 volucrum
772 4619 929 4678 certamine
941 4637 1090 4696 equorum,

359 4722 508 4801 Optabant
519 4722 615 4784 Graiae
627 4742 726 4802 quam,
744 4722 798 4784 fibi
813 4722 944 4802 quiaque,
963 4741 1080 4797 manua,
