3492 6884
482 1776 523 1831 rt
716 1769 1045 1842 GEORGICON,
1169 1775 1278 1829 um.

483 1924 594 1984 emota
609 1925 662 1984 tibi
675 1927 810 1985 Cererem
823 1931 913 2004 pubes
925 1927 1038 2006 agrestis
1050 1927 1164 1998 adoret,

483 2027 540 2085 Cui
555 2038 587 2084 tu
599 2028 671 2085 lacte
685 2029 763 2087 faros
776 2041 806 2087 ct
819 2030 885 2089 miti
898 2030 976 2088 dilue
989 2029 1110 2098 Baccho,

481 2132 597 2207 Terque
610 2150 697 2188 novas
709 2131 818 2189 circum
831 2132 903 2189 felix
915 2143 962 2190 eat
974 2131 1063 2189 hoslia
1076 2131 1184 2207 smgee:

482 2231 587 2291 Omnis
600 2252 686 2308 quam
700 2233 802 2291 chorus
815 2245 844 2291 et
858 2233 927 2291 socii
940 2233 1112 2291 comitentur
1124 2241 1251 2299 ovantes,

480 2334 519 2392 Et
533 2335 667 2392 Cererem
680 2335 805 2392 clamore
818 2346 920 2392 vocent
934 2336 965 2392 in
979 2335 1066 2402 rem,
1087 2353 1179 2410 neque
1192 2343 1259 2391 ante

479 2438 594 2495 Falcem
607 2436 724 2493 maturis
737 2438 888 2513 quisquam
903 2437 1041 2514 supponat
1053 2436 1150 2505 aristis,

480 2539 580 2596 Quam
593 2539 700 2607 Cereri,
721 2540 795 2596 torti
808 2539 957 2597 redimitus
970 2548 1097 2615 tempora
1110 2556 1226 2613 quercu,

478 2641 538 2699 Det
552 2651 647 2699 motus
660 2640 870 2716 incompositos,
891 2651 921 2698 et
933 2641 1059 2699 camnine
1073 2640 1159 2697 dicat.

516 2744 626 2818 Atque,
639 2742 701 2799 haec
713 2754 746 2798 ut
758 2742 842 2799 certis
855 2743 988 2820 possimus
1001 2742 1107 2800 discere
1122 2740 1217 2818 fignis,

476 2846 641 2920 AEslusque,
661 2843 837 2920 plutiasque,
855 2855 885 2901 et
898 2845 1009 2921 agentis
1021 2844 1129 2921 frigora
1142 2853 1255 2912 ventos,

475 2946 540 3024 lpse
554 2948 637 3004 Pater
651 2945 756 3014 statuit,
777 2947 847 3022 quid
861 2947 1002 3005 menslrua
1017 2948 1097 3004 Luna
1111 2955 1254 3015 moneret,

477 3051 547 3107 Ouo
561 3048 640 3124 siguo
653 3049 786 3105 caderent
800 3048 885 3105 austri
890 3073 899 3118 ;
921 3048 990 3124 quid
1004 3047 1075 3124 saepe
1088 3047 1217 3104 videntes

474 3151 622 3229 Agricolae
636 3152 765 3227 proprius
779 3151 894 3208 stabulis
907 3161 1036 3208 armenta
1050 3160 1188 3207 tenerent.

475 3254 633 3321 Continuo,
647 3252 741 3310 ventis
754 3251 944 3328 surgentibus,
965 3263 1015 3311 aut
1028 3253 1102 3311 sreta
1115 3251 1197 3329 ponti

473 3356 623 3432 Incipiunt
636 3355 744 3431 agitata
759 3353 925 3423 tumescere,
944 3365 974 3412 et
986 3356 1081 3413 aridur
1093 3354 1159 3412 altis

474 3458 627 3517 Montibus
640 3457 732 3515 audiri
746 3457 856 3534 fragor,
878 3469 928 3515 aut
942 3457 1101 3514 resonantia
1114 3456 1200 3532 longe

472 3562 571 3620 Litora
582 3560 703 3629 misceri,
716 3571 745 3617 et
757 3579 907 3617 nemorum
920 3559 1126 3616 increbrescere
1136 3577 1275 3617 murmur.

472 3665 540 3741 Jam
553 3663 604 3720 fibi
620 3673 682 3719 tum
696 3662 789 3720 curvis
802 3661 877 3718 male
892 3670 1030 3736 temperat
1045 3661 1122 3717 unda
1134 3659 1252 3717 earinis:

474 3766 576 3824 Quum
592 3764 687 3822 medio
699 3765 803 3820 celeres
817 3763 945 3820 revolant
958 3780 996 3819 ex
1009 3780 1121 3837 aequore
1134 3761 1236 3837 mergi,

472 3867 693 3941 Clamoremque
712 3865 808 3921 serunt
822 3865 857 3922 ad
871 3865 970 3933 litora3
991 3882 1138 3940 quumque
1155 3862 1275 3922 marinae

471 3967 507 4025 In
521 3968 594 4025 ficco
606 3967 711 4023 ludunt
725 3966 835 4036 sulicae;
858 3978 995 4041 notasque
1009 3966 1126 4042 paludee

470 4067 595 4137 Deserit,
616 4079 704 4144 atque
718 4068 806 4125 altam
820 4068 902 4145 supra
916 4070 992 4125 volat
1005 4069 1089 4125 ardea
1103 4068 1220 4126 nubem.

471 4175 550 4249 Saepe
563 4171 651 4228 etiarn
665 4171 764 4240 stellas,
778 4184 864 4229 vento
880 4171 1063 4248 inpendente,
1077 4170 1189 4228 videbis

470 4273 633 4349 Praecipites
645 4273 718 4329 coelo
732 4272 800 4340 labi,
820 4273 967 4348 nociisque
980 4292 1031 4349 per
1043 4274 1176 4330 umbram

469 4376 663 4434 Flammarum
675 4375 775 4449 longos
788 4393 805 4431 a
819 4384 900 4450 tergo
918 4374 1058 4432 albescere
1073 4376 1191 4446 traditu,

468 4480 547 4556 Saepe
559 4478 650 4536 levem
662 4476 775 4552 paleam
788 4484 818 4531 et
833 4475 947 4533 srondes
960 4477 1079 4534 volitare
1093 4477 1223 4547 caducas,

466 4583 529 4640 Aut
544 4579 653 4637 summi
667 4577 762 4634 nantis
775 4578 807 4634 in
820 4578 895 4653 aqud
908 4579 1061 4635 conludere
1073 4578 1194 4655 plumas.

469 4684 510 4742 nt
522 4684 619 4742 Boreae
631 4680 667 4739 de
678 4689 759 4758 parte
773 4680 861 4738 trucis
873 4699 964 4756 quum
976 4680 1123 4751 fulminat,
1137 4692 1167 4741 et
1178 4702 1271 4762 quum
