3492 6884
456 1773 484 1812 v.
498 1762 566 1826 471.
771 1755 868 1814 LIB.
908 1757 948 1815 11.
1195 1763 1252 1815 23³

457 1910 571 1979 Qualis,
583 1912 633 1969 ubi
644 1912 675 1970 in
686 1913 781 1971 lucem
790 1915 916 1981 coluber,
928 1912 1001 1971 maln
1013 1911 1141 1989 gramina
1151 1910 1266 1987 pastun·

456 2013 571 2090 Frigida
584 2013 637 2071 sub
651 2016 723 2073 tend
736 2017 879 2073 tumidum
892 2034 978 2091 quem
996 2017 1096 2072 bmma
1109 2013 1240 2089 tegebat,
1356 2090 1359 2096 ι

456 2115 555 2183 Nunc,
574 2116 671 2191 positis
688 2136 778 2174 novus
790 2117 911 2187 exuviis,
932 2116 1095 2192 nitidusque
1104 2113 1234 2192 juventd,

457 2218 581 2277 Lubrica
593 2219 748 2288 convolvit,
769 2219 880 2277 sublato
891 2220 1012 2296 pedore,
1033 2227 1121 2295 terga,

456 2319 575 2378 Arduus
589 2321 625 2377 ad
639 2321 735 2389 solem,
755 2331 784 2377 et
798 2320 904 2398 linguis
917 2321 1004 2379 micat
1017 2339 1066 2378 ore
1078 2316 1208 2377 trisulcis.

457 2422 526 2480 Una
536 2422 639 2499 ingens
650 2423 792 2499 Periphas,
802 2433 841 2493 et,
847 2442 989 2499 equorum
998 2422 1122 2499 agitator
1130 2416 1255 2479 Achillis

457 2525 604 2601 Armiger,
617 2525 801 2583 Automedon
809 2550 818 2596 3
839 2526 897 2583 und
909 2526 1004 2583 omnia
1017 2523 1215 2601 Scyria'pnbes
1263 2547 1265 2554 ·

457 2627 620 2685 Succedunt
633 2628 718 2697 tebto,
739 2637 768 2685 et
781 2628 911 2691 flammas
923 2629 960 2685 ad
971 2625 1098 2685 culmina
1108 2625 1225 2704 jactant.

457 2729 521 2805 Ipse
533 2729 609 2790 inter
620 2729 728 2805 primos
740 2731 876 2806 conrepta
888 2730 958 2787 dura
971 2728 1091 2806 bipenni

457 2830 572 2888 Limina
584 2831 755 2907 perrumpit,
774 2832 921 2908 postesque
933 2851 949 2889 a
962 2831 1077 2889 cardine
1083 2829 1170 2888 ¹vellit

456 2933 590 2991 AEratos:
607 2930 737 3009 jamque,
756 2932 849 2989 excisa
863 2935 952 3002 trabe,
973 2933 1055 2991 firma
1068 2931 1180 2991 cavavit

458 3035 580 3104 Robora,
600 3047 630 3091 et
642 3035 791 3111 ingentem
804 3035 863 3092 lato
876 3035 956 3092 dedit
968 3054 1016 3093 ore
1028 3036 1187 3093 fenestram.

458 3136 587 3212 Adparet
600 3137 702 3194 domus
714 3136 803 3203 intus,
822 3147 851 3193 et
864 3137 937 3195 atria
951 3138 1037 3215 longa
1050 3136 1213 3213 patescunt,

458 3239 608 3315 Adparent
622 3238 726 3296 Priami
743 3249 774 3296 et
785 3249 915 3296 veterum
929 3238 1085 3315 penetralia
1099 3257 1213 3315 regum:

458 3341 651 3415 Armatosque
663 3340 761 3397 vident
774 3340 873 3398 stantis
886 3341 917 3397 in
930 3340 1031 3398 limine
1043 3340 1146 3417 primo.

499 3443 541 3498 At
553 3442 654 3498 domus
666 3441 786 3498 interior
798 3442 919 3519 gemitu,
932 3442 1092 3519 miseroque
1106 3442 1243 3510 tumultu.

459 3545 600 3612 Miscetur
604 3569 613 3616 3
635 3544 807 3621 penitusque
820 3564 897 3603 cavae
908 3545 1093 3623 plangoribus
1105 3546 1180 3603 redes

460 3647 600 3708 Fennneis
613 3647 726 3705 ululant
733 3673 741 3718 5
763 3648 831 3705 ferit
844 3667 929 3707 aurea
942 3647 1031 3705 fidem
1044 3648 1160 3706 clamor.

458 3752 537 3810 Tum
550 3750 660 3826 pavidae
674 3750 755 3807 tettis
768 3760 871 3808 matres
884 3750 1051 3827 ingentibus
1063 3758 1169 3818 errant,

460 3852 669 3930 Amplexaeque
681 3862 779 3909 tenent
792 3851 891 3927 postes,
912 3863 999 3927 atque
1012 3851 1107 3910 oscula
1120 3851 1224 3928 figunt.

460 3956 549 4014 Instat
562 3955 591 4012 vi
603 3954 696 4031 patriai
709 3954 845 4031 Pyrrhum
868 3973 922 4012 nec
932 3954 1060 4023 claustra,
1079 3971 1173 4030 neque
1185 3952 1238 4030 ipti

461 4057 606 4126 Custodes,
625 4054 741 4114 sufferre
754 4056 863 4114 valent:
885 4056 963 4113 labat
977 4055 1065 4115 ariete
1076 4056 1176 4114 crebro

460 4161 563 4238 Janua,
583 4170 614 4217 et
627 4157 716 4217 emoti
729 4160 921 4235 procumbunt
933 4159 1048 4216 cardine
1060 4158 1159 4235 postes.

461 4263 507 4324 Fit
520 4263 565 4321 vis
577 4261 621 4319 vi:
643 4269 780 4337 mmpunt
794 4261 897 4330 aditus,
917 4260 1081 4336 primosque
1093 4259 1239 4318 trucidant

462 4362 570 4422 inmitti
584 4363 687 4431 Danai,
707 4371 738 4420 et
751 4363 808 4419 iate
821 4362 884 4420 loca
896 4361 990 4421 milite
1002 4362 1147 4439 conplent.
1222 4439 1225 4444 .

461 4466 532 4524 Non
545 4465 593 4535 tic,
613 4465 766 4541 aggeribus
778 4464 878 4540 mptis,
898 4483 988 4540 quum
1001 4464 1135 4541 spumeus
1147 4460 1242 4521 amnis

463 4570 553 4640 Exiit,
572 4568 769 4645 oppositasque
781 4567 868 4625 evicit
881 4567 998 4645 gurgite
1010 4567 1109 4638 moles,

463 4673 563 4732 Fertur
573 4671 604 4730 in
614 4689 681 4730 arva
688 4669 785 4729 furens
792 4669 919 4743 cumulo,
930 4663 1260 4748 camposqueperonrnis
