3492 6884
573 2198 604 2257 P.
635 2198 865 2258 VIRGILII
905 2201 1136 2260 MARONIS

614 2398 1086 2480 GEORGICON

672 2680 797 2728 LIBER
817 2681 1043 2730 SECUNDUS.

711 2965 991 3007 4.-

651 3207 969 3267 GEORGICON
1010 3209 1049 3265 11.

454 3378 498 3460 H
502 3416 641 3459 nemus
655 3418 786 3458 arvorum
801 3402 904 3473 cultus,
918 3413 948 3460 ct
962 3403 1050 3461 srdcra
1063 3398 1162 3474 coeli5'

452 3505 484 3563 N
485 3523 542 3561 unc
555 3515 593 3574 te,
607 3504 727 3574 Bacche,
742 3525 852 3575 canam,
870 3524 923 3563 nec
936 3524 995 3563 non
1009 3505 1140 3563 silvestria
1155 3516 1250 3562 tecum

451 3607 598 3683 Virgulta,
615 3616 646 3664 ct
658 3607 768 3682 prolem
787 3608 867 3664 tarde
880 3606 1029 3665 crescentis
1041 3606 1134 3665 olivae.

452 3712 529 3779 Huc,
548 3723 629 3786 pater
641 3730 659 3767 o
673 3710 789 3768 Lcnaee!
812 3709 869 3767 tuis
881 3710 929 3767 hic
943 3708 1040 3767 omnia
1054 3710 1140 3786 plena

451 3812 637 3870 Muneribus:
660 3812 713 3870 tibi
727 3811 881 3889 pampineo
894 3812 1027 3889 gravidus
1038 3812 1193 3870 auctumno

451 3915 547 3973 Floret
558 3934 635 3992 ager,
655 3914 767 3990 spumat
780 3914 873 3991 plenis
885 3914 1031 3971 vindemia
1044 3914 1143 3971 labris:

451 4018 529 4088 Huc,
548 4025 660 4093 patero
673 4017 789 4074 Lcnaeci
811 4016 894 4087 veni3
915 4017 1080 4092 nudataque
1092 4015 1185 4077 musto

451 4119 568 4196 Tingue
581 4138 655 4176 novo
669 4137 783 4175 mecum
796 4118 921 4194 dereptis
933 4137 1014 4175 crura
1028 4118 1186 4177 cothurnis.

492 4221 644 4297 Principio,
664 4219 811 4277 arboribus
824 4219 901 4278 varia
914 4219 953 4276 est
966 4229 1067 4277 natura
1081 4221 1223 4278 creandis:

451 4326 588 4399 Namque
602 4323 675 4392 alioc,
695 4322 783 4379 nullis
795 4321 947 4379 hominum
958 4322 1136 4398 cogentibus,
1149 4322 1218 4401 ipsae

451 4429 558 4505 Sponte
572 4426 764 4494 subveniunt,
783 4445 954 4502 camposque
968 4438 997 4483 et
1011 4426 1131 4484 flumina
1145 4426 1203 4484 late

451 4532 546 4589 Curva
560 4540 674 4587 tenent:
698 4541 731 4585 ut
743 4528 830 4586 molle
846 4529 920 4599 filet,
938 4529 1081 4606 lentaeque
1100 4529 1230 4606 genesim,

450 4633 583 4710 Populus,
604 4644 634 4690 et
647 4633 750 4709 glauci
761 4633 893 4690 canentia
905 4632 1006 4690 fronde
1020 4632 1125 4693 salicia.

451 4738 517 4795 Pars
531 4744 627 4796 autem
640 4734 729 4812 potito
742 4733 864 4812 surgunt
877 4735 913 4792 de
926 4733 1048 4794 semine:
1069 4746 1103 4793 ut
1116 4735 1182 4793 altae
