3492 6884
497 1800 605 1875 aare
823 1797 923 1857 orn.
962 1797 988 1856 1.
1213 1808 1298 1872 „95

535 1949 607 2021 Olli,
623 1950 781 2025 subridens,
795 1954 948 2013 hominum
960 1953 1035 2012 sator
1048 1962 1135 2030 atque
1148 1955 1278 2025 deorum,

498 2052 600 2125 Voltu,
622 2074 680 2131 quo
693 2057 799 2114 coelum
812 2058 1047 2135 tempestatesque
1061 2057 1182 2127 serenat,

499 2154 605 2228 Oscula
618 2157 720 2217 libavit
732 2170 820 2232 natae5
841 2161 947 2219 debinc
960 2161 1028 2219 talia
1040 2162 1133 2219 satur:

499 2260 585 2318 Parce
598 2271 688 2332 metu,
709 2262 866 2339 Cytherea,
889 2274 1007 2322 manent
1018 2263 1128 2322 inmota
1142 2276 1259 2321 tuorum

497 2362 565 2421 Fata
582 2363 651 2435 tibi,
674 2384 771 2423 cernes
783 2369 885 2425 urbem
898 2377 927 2425 et
939 2366 1071 2444 promitio
1084 2366 1188 2425 Lavini
1233 2345 1240 2361 ⁸

499 2466 622 2536 Moenio,
641 2467 852 2546 sublimemque
864 2470 938 2529 feres
949 2472 986 2529 ad
999 2470 1087 2528 fidem
1099 2469 1165 2527 ooeli

430 2613 432 2617 -
496 2568 724 2646 Magnanimum
734 2573 866 2631 AEnean:
889 2592 983 2650 neque
993 2592 1041 2631 me
1050 2571 1190 2630 sententia
1200 2571 1298 2631 vertit.

492 2672 552 2730 Hic
570 2673 625 2731 tibi
643 2675 740 2753 (fabor
750 2676 839 2746 enim,
856 2679 973 2753 quando
985 2678 1048 2735 haec
1061 2687 1090 2734 te
1103 2694 1170 2734 cura
1182 2691 1291 2733 remor·

578 2777 636 2845 det,

497 2879 626 2955 Longius
639 2890 670 2937 et
682 2882 797 2941 volvens
811 2884 937 2942 fatomm
949 2902 1050 2941 arcana
1064 2882 1200 2953 movebo)

497 2982 610 3040 Bellum
622 2983 726 3060 ingens
739 2997 817 3061 geret
831 2987 925 3055 Italia,
943 2987 1122 3064 populosque
1135 2982 1239 3042 ferocis

498 3086 683 3158 Contnndet3
704 3106 855 3163 moresque
869 3089 936 3148 viria
948 3099 978 3146 et
991 3089 1096 3147 moenia
1109 3097 1211 3164 ponet:

496 3190 595 3247 Tertia
609 3191 681 3247 dum
696 3191 780 3248 Latio
792 3202 961 3268 regnantem
974 3191 1079 3249 viderit
1091 3191 1177 3259 aeliae,

500 3293 654 3382 Temaque
667 3294 828 3352 tranfierint
841 3295 957 3353 Rutulis
969 3294 1089 3353 hiberna
1103 3292 1234 3351 sabanis.

497 3397 542 3452 At
554 3414 626 3471 puer
638 3394 790 3465 Ascanius,
809 3397 857 3455 cui
871 3416 949 3456 nune
962 3416 1121 3474 cognomen
1136 3396 1201 3453 lulo

498 3498 637 3567 Additur,
658 3499 733 3575 (llus
745 3510 815 3569 erat,
835 3501 907 3557 dum
920 3520 964 3558 res
976 3501 1052 3557 stetit
1065 3500 1117 3557 llia
1131 3499 1233 3574 regno)

498 3601 634 3677 Triginta
648 3622 768 3679 magnos
781 3603 1083 3662 volvendinmenstbus
1096 3603 1171 3660 orbiu

499 3704 626 3781 Imperio
639 3707 776 3783 explebit,
797 3725 977 3784 regnumque
989 3709 1026 3766 ab
1043 3706 1107 3764 sede
1121 3705 1223 3763 Lavini

498 3806 675 3876 Transferet,
694 3817 725 3865 et
741 3806 859 3884 longam
871 3809 963 3866 multa
976 3810 1006 3866 vi
1018 3808 1129 3865 muniet
1142 3807 1260 3867 Albam.

499 3910 558 3968 Hic
566 3909 628 3987 jam
642 3919 816 3968 tercentum
830 3920 904 3969 totos
916 3912 1085 3989 regnabitur
1097 3930 1186 3969 annon

499 4015 595 4073 Gente
609 4014 661 4072 sub
675 4014 816 4072 Hebiored
824 4039 834 4087 ;
855 4015 947 4073 donec
961 4014 1059 4091 regina
1073 4014 1209 4081 sacerdon,

500 4116 597 4175 Marte
610 4118 713 4193 gravis,
734 4119 880 4195 geminam
893 4130 977 4194 partu
989 4117 1070 4176 dabit
1084 4117 1137 4175 llia
1148 4117 1268 4194 prolem.

499 4222 581 4289 Inde,
601 4221 678 4297 lupae
691 4222 771 4280 fulvo
785 4222 906 4280 nutricia
920 4223 1047 4298 tegmine
1060 4222 1153 4291 laetua,

502 4323 642 4380 Romulus
654 4324 779 4400 excipiet
791 4335 917 4400 gentem,
937 4334 967 4382 et
981 4322 1126 4381 Mavortia
1138 4322 1243 4381 condet

501 4425 622 4494 Moenia,
647 4426 848 4502 Romanosque
859 4425 911 4483 suo
923 4427 959 4483 de
972 4426 1090 4483 nomine
1102 4425 1190 4483 dicet.
1293 4463 1296 4468 -

502 4527 558 4585 His
571 4545 627 4603 ego
639 4545 692 4584 nec
705 4537 795 4585 metas
810 4546 916 4596 rerum,
936 4546 989 4585 nec
1002 4538 1140 4602 tempora,
1159 4544 1247 4602 pono:

503 4629 661 4705 Imperitun
673 4628 731 4687 fine
744 4628 802 4687 tine
815 4629 891 4688 dedi.
933 4630 1015 4687 Quin
1028 4628 1123 4705 aspera
1135 4629 1223 4705 Juno,

504 4731 582 4790 Quae
589 4747 667 4789 mare
675 4740 762 4801 nunc,
773 4731 1180 4805 terresquemetu,eoelumque
1188 4729 1300 4808 fatigat,
