3492 6884
409 1792 519 1845 eus.
599 1749 602 1753 ’
695 1784 805 1846 u1s.
844 1787 901 1847 111.
1151 1790 1209 1843 ses

413 1939 531 2018 Effigies
543 1930 626 2000 secie
640 1941 745 2014 divom,
766 1942 942 2022 Phrygiique
955 1921 1083 2011 Ponites,

414 2044 496 2101 Quos
508 2063 624 2103 mecum
636 2045 759 2124 aTrojd,
771 2046 931 2124 mediisque
944 2064 981 2104 ex
993 2043 1110 2122 ignibus
1123 2043 1212 2112 urbis,

413 2146 590 2218 Extuleram,
609 2147 660 2207 visi
673 2161 740 2208 ante
753 2149 850 2208 oculos
863 2147 970 2208 adstare
979 2144 1104 2224 jsoentis

414 2247 564 2319 Insomnis,
583 2250 676 2310 multo
689 2250 833 2310 manifesti
844 2251 966 2318 lumine,
985 2248 1086 2325 quise

414 2351 500 2412 Plena
511 2369 562 2430 per
574 2351 692 2412 insertus
703 2353 844 2413 fundebat
855 2354 925 2411 lune
938 2352 1082 2411 fenestras.

413 2454 494 2512 Tum
506 2455 544 2512 fic
556 2454 657 2524 adfari,
676 2467 706 2514 et
719 2474 801 2514 curas
814 2456 859 2514 bis
870 2456 984 2514 demere
996 2452 1094 2512 distis:

416 2556 504 2614 Quod
518 2555 582 2625 tibi,
602 2556 699 2616 delato
707 2556 872 2635 Ortygium,
886 2557 1012 2615 dinume
1025 2553 1132 2634 Apollo
1143 2554 1193 2626 est,

415 2657 475 2728 Hip
486 2657 579 2717 cauit:
602 2670 633 2717 et
644 2668 695 2718 tus
707 2679 758 2717 uos
770 2661 821 2718 eui
844 2659 921 2718 ultro
933 2661 969 2717 ad
983 2659 1084 2717 limina
1098 2657 1201 2717 mittit.

415 2761 478 2819 Nos
491 2771 530 2833 te,
549 2761 695 2819 Dardanii
707 2761 832 2830 incensi,
853 2772 958 2839 tuaque
971 2781 1050 2821 arma
1064 2761 1168 2834 secuti3

416 2863 488 2933 Nos,
508 2863 653 2921 tumidum
666 2864 719 2923 sub
733 2875 762 2923 te
774 2865 913 2946 permenii
927 2864 1057 2923 cladibus
1069 2883 1176 2942 sequor,

416 2966 498 3024 Idem
510 2976 646 3025 venturos
658 2967 790 3026 tollemus
803 2967 835 3024 in
848 2966 919 3026 astru
933 2978 1059 3044 nepotes,

417 3067 632 3146 Imperiumque
644 3069 710 3127 urbi
722 3068 863 3128 dabimus.
903 3068 951 3127 Tu
964 3068 1071 3128 moenia
1084 3068 1197 3148 maguis

416 3172 527 3249 Magna
540 3190 616 3249 paru,
629 3171 806 3248 longumque
826 3172 905 3248 fugae
917 3190 955 3230 ne
966 3171 1067 3248 linque
1079 3171 1214 3231 laborem.

417 3273 568 3333 Mutuudae
580 3273 668 3332 sedes.
707 3274 777 3333 Nou
790 3273 852 3332 hoec
865 3274 919 3332 tibi
932 3273 1015 3333 litora
1030 3273 1114 3333 susfit

418 3377 529 3445 Delius,
548 3385 599 3435 sut
613 3377 708 3434 Cretae
716 3375 797 3453 juffit
809 3375 962 3447 confidere,
983 3376 1099 3453 Apollo.

417 3480 466 3538 Est
477 3480 566 3549 locus,
586 3477 756 3557 Hesperium
768 3478 850 3538 Graii
863 3478 1035 3557 cognomine
1048 3479 1167 3551 dicunt;

416 3582 506 3641 Terra
518 3580 647 3657 antiqua,
659 3590 761 3659 potens
775 3581 871 3649 armis,
889 3593 977 3657 utque
990 3583 1077 3640 ubere
1090 3582 1197 3660 glebae

419 3685 539 3745 OEnotri
552 3684 664 3742 coluere
677 3683 745 3741 viti:
768 3703 845 3742 nunc
858 3683 945 3752 fama,
965 3682 1089 3742 minores

419 3787 535 3847 ltaliam
547 3786 657 3857 dixisse,
678 3786 757 3846 ducis
770 3787 806 3844 de
818 3785 944 3853 nomine,
965 3797 1100 3863 gentem:

420 3892 476 3948 Hae
489 3889 572 3947 nobis
583 3887 707 3966 propriae
720 3887 811 3960 sedes3
833 3887 902 3945 hinc
916 3888 1067 3947 Dssdsnus
1079 3897 1166 3959 ortus,

420 3992 564 4068 Infiusque
575 4000 666 4068 poter,
686 4008 778 4068 genus
790 4010 807 4048 s
820 4009 879 4066 quo
892 3989 1020 4068 principe
1032 3990 1168 4050 nostrum.

421 4095 510 4173 Surge
523 4112 587 4171 age,
607 4102 639 4151 et
650 4093 712 4150 haec
727 4092 808 4151 latus
820 4091 954 4169 longaevo
966 4093 1041 4151 didls
1056 4093 1169 4171 parenti

419 4197 509 4256 Haud
528 4195 687 4254 dubitanda
707 4194 794 4253 refer:
818 4194 992 4271 (lumbum,
1013 4205 1157 4273 terresque
1174 4214 1219 4255 re—

499 4299 594 4383 quiret

422 4402 574 4463 Ausonias.
613 4396 723 4460 Didus
738 4412 825 4478 neget
838 4398 894 4458 tibi
904 4401 1038 4479 Juppiter
1050 4420 1125 4461 srvs.

421 4503 542 4566 Talibus
554 4504 700 4564 adtonitus
712 4503 785 4574 visis,
806 4521 840 4561 ac
851 4521 921 4562 voce
934 4504 1063 4575 deorum,

423 4609 504 4684 (Nec
522 4607 604 4684 sopor
623 4606 696 4664 illud
714 4615 775 4664 erat
785 4628 794 4678 ς
814 4602 863 4665 sed
881 4623 977 4665 uorem
994 4604 1145 4685 agnoscere
1157 4606 1219 4669 vul·

501 4721 557 4782 tus,
