3492 6884
459 1745 574 1822 naor.-
771 1747 868 1805 LIB.
909 1747 962 1808 11..
1201 1753 1261 1819 229

503 1900 579 1959 Quis
592 1900 703 1959 cladem
716 1900 794 1959 illius
806 1903 906 1972 nodis,
926 1903 990 1979 quis
1005 1903 1115 1970 funera,
1136 1900 1224 1959 fando

464 2004 606 2080 Explicet,
627 2014 677 2062 ant
689 2004 773 2081 poffit
785 2005 909 2063 lacrimis
922 2025 1034 2082 aequare
1047 2006 1172 2063 labores?

464 2108 542 2164 Urbs
554 2106 672 2182 antiqua
685 2108 752 2178 ruit,
773 2109 879 2166 multos
891 2110 1037 2167 dominata
1050 2126 1102 2185 per
1113 2126 1216 2179 annom

465 2210 588 2267 Plurima
603 2229 709 2287 perque
721 2210 781 2269 vias
795 2213 957 2270 stemuntnr
968 2212 1069 2270 inertia
1083 2209 1183 2287 paffim

466 2313 601 2389 Corpora,
622 2331 730 2389 perque
744 2314 852 2381 domos,
871 2328 901 2371 et
915 2312 1044 2390 religiosa
1058 2315 1177 2369 deorum

467 2413 591 2471 Limina.
635 2414 698 2471 Nec
711 2413 762 2472 soli
778 2434 876 2491 pomae
889 2416 957 2473 dant
975 2413 1113 2491 sanguine
1125 2411 1231 2470 Teucri
1236 2436 1246 2482 ς

467 2516 623 2574 Quondam
636 2516 726 2574 etiam
737 2516 819 2575 victis
832 2517 907 2575 rodit
918 2517 948 2575 in
963 2514 1116 2593 praecordia
1129 2514 1229 2582 virtun

467 2617 654 2694 Vidioresque
666 2621 773 2677 cadunt
785 2621 891 2678 Danai.
931 2619 1063 2678 Crudelis
1076 2619 1183 2695 ubique

469 2720 583 2788 Luciun
603 2720 712 2797 ubique
725 2722 822 2791 Pavor,
842 2732 871 2780 et
885 2723 1010 2800 piurima
1024 2721 1130 2780 Mortis
1141 2719 1249 2796 imago.

507 2823 617 2881 Primus
631 2826 668 2891 se,
689 2826 822 2882 Danaum
837 2827 942 2902 magni
956 2826 1113 2884 comitante
1125 2826 1248 2892 catervi,

468 2926 641 3002 Androgeus
653 2926 747 2985 obsert
760 2928 851 2995 nobis,
872 2927 946 2985 socia
959 2928 1076 3005 agmina
1088 2926 1206 2985 credent

469 3027 592 3099 inscium
614 3039 700 3103 atque
713 3030 789 3086 nitro
801 3029 894 3087 verbis
907 3028 1050 3106 conpellat
1063 3028 1180 3086 amicis=

470 3130 619 3200 Festinato,
639 3130 708 3201 viri5
731 3150 797 3188 nam
812 3151 877 3208 quae
891 3143 950 3189 tam
961 3132 1020 3191 sera
1034 3142 1162 3192 moratur

471 3233 628 3311 segnities?
650 3232 700 3290 alii
714 3234 829 3309 rapiunt
846 3233 971 3302 incensa,
992 3236 1155 3310 feruntque,

471 3338 622 3412 Pergama:
645 3354 696 3392 vos
709 3335 787 3392 ceisrs
804 3354 881 3393 nnnc
900 3335 1025 3412 primum
1042 3356 1057 3394 a
1072 3335 1192 3393 navibus
1205 3334 1271 3392 itis?

471 3437 570 3496 Dixit:
587 3447 616 3494 et
627 3437 772 3513 externplo
784 3441 891 3513 (neque
901 3438 980 3494 enim
990 3437 1119 3513 responsa
1132 3439 1275 3495 dabantur

473 3541 541 3598 Fida
555 3539 635 3608 satis)
650 3538 734 3595 sensit
746 3539 854 3596 medior
867 3538 997 3615 delapsus
1008 3537 1040 3596 in
1054 3538 1148 3596 hostie.

472 3641 636 3719 Obstupuit,
657 3653 790 3716 retroque
802 3640 904 3717 pedem
918 3659 986 3698 cnm
998 3659 1067 3698 voce
1079 3639 1216 3717 repreffit.

472 3742 651 3821 Inprovisum
664 3742 750 3820 aspris
764 3743 854 3800 veluti
867 3742 918 3819 qui
933 3743 1059 3800 sentibus
1076 3761 1202 3819 anguem

475 3846 572 3904 Preffit
585 3845 668 3902 humi
687 3845 792 3913 nitens,
812 3845 995 3921 trepidusque
1007 3855 1124 3922 repente
1136 3844 1258 3922 refugit,¹

475 3948 673 4006 Adtollentem
685 3948 748 4015 irae,
768 3956 799 4003 et
810 3947 914 4004 caerula
926 3946 1000 4004 colia
1019 3955 1194 4016 tumentem3

475 4051 563 4109 Haud
576 4047 655 4107 secus
670 4048 842 4125 Androgeus
854 4048 915 4106 visu
930 4049 1114 4108 tremefactus
1125 4049 1236 4108 abibat:

476 4151 630 4220 Inruimus,
650 4150 741 4208 denfia
755 4160 785 4207 et
796 4150 1056 4210 circumfundimur
1069 4151 1171 4224 rumim

476 4253 652 4330 ignarosque
665 4252 720 4309 loci
733 4252 843 4329 paffim,
862 4263 893 4311 et
906 4252 1062 4311 formidine
1074 4264 1181 4331 captos,

478 4357 647 4415 sternimus.
687 4354 825 4433 Adspirat
837 4356 930 4432 primo
944 4357 1067 4416 Fortuna
1080 4358 1182 4420 labori.

479 4461 579 4534 Atque
590 4458 647 4529 hic,
657 4456 783 4515 successu
793 4456 939 4516 exsuitans
946 4458 1117 4535 animisque,
1125 4459 1279 4528 Coroebue:

479 4561 509 4620 Ο
521 4560 603 4619 sociii
618 4560 683 4637 *qna
696 4560 799 4637 prima,
817 4560 924 4637 inquit,
944 4560 1058 4619 fortuna
1072 4560 1171 4620 salutii

482 4662 623 4722 Monstrat
632 4662 696 4731 iter,
706 4663 820 4738 quique
830 4661 951 4720 ostendit
962 4662 989 4730 [e
999 4664 1108 4733 dextra,
1119 4662 1282 4739 sequamur„
