3492 6884
435 1802 526 1865 v.49.
687 1793 912 1854 ECLOGA
948 1792 987 1851 V.
1193 1794 1230 1856 19

435 1943 589 2003 Fortunate
603 1963 681 2021 puer,
702 1957 733 2003 tu
747 1966 824 2005 nunc
835 1947 889 2005 eris
902 1948 973 2005 alter
985 1942 1093 2003 abillo.

437 2046 499 2104 Nos
533 2057 629 2104 tamen
660 2047 722 2105 haec
748 2067 929 2124 quocumque
954 2048 1039 2105 modo
1062 2041 1116 2101 tibi
1140 2038 1231 2097 nostra

515 2147 637 2205 viciffim

438 2248 589 2320 Dicemus5
610 2249 804 2327 Daphnisque
818 2260 901 2309 tuum
914 2252 1044 2308 tollemus
1058 2249 1094 2306 ad
1105 2246 1192 2304 astra:

439 2350 577 2427 Daphnin
603 2353 639 2408 ad
665 2352 735 2409 astra
758 2352 897 2410 feremus:
921 2351 1028 2410 amavit
1050 2369 1101 2407 nos
1120 2362 1234 2424 quoque

517 2453 657 2530 Daphnis.

775 2575 904 2614 uorsus.

442 2658 492 2713 An
506 2654 663 2731 quidquam
674 2656 755 2713 nobis
769 2657 819 2714 tali
833 2658 865 2714 srt
877 2675 994 2715 munere
1006 2653 1112 2731 majus?

443 2758 488 2824 Et,
508 2776 587 2834 puer,
605 2758 664 2834 ipse
677 2758 735 2814 fuit
746 2759 853 2815 cantari
866 2760 970 2834 dignus
974 2784 983 2830 3
1004 2769 1034 2815 et
1046 2757 1097 2815 ista

444 2860 510 2936 Jam
522 2858 633 2935 pridem
646 2860 785 2916 Stimicon
798 2860 925 2917 laudarit
935 2859 1061 2917 carmina
1075 2856 1166 2916 nobis.

755 2979 928 3018 urunncas.

445 3061 591 3119 Candidus
603 3060 747 3119 insuetum
760 3062 881 3120 miratur
893 3062 982 3120 limen
995 3062 1124 3138 Olympi,

446 3163 505 3219 Sub
517 3162 694 3238 pedibusque
706 3163 785 3220 videt
798 3166 930 3221 nuberet
943 3164 1029 3221 sidera
1042 3161 1181 3240 Daphnis.

446 3263 524 3338 Ergo
534 3262 632 3320 alacris
643 3264 732 3332 lilvas,
752 3273 781 3321 et
793 3273 886 3323 cetera
900 3284 973 3333 rura,
993 3265 1131 3341 voluptas,

446 3365 589 3439 Panaque,
608 3363 783 3440 pastoresque
795 3373 884 3433 tenet,
903 3366 1085 3442 Dryadasque
1098 3366 1219 3442 puellas:

448 3466 513 3523 Nec
526 3465 611 3541 lupus
623 3464 736 3521 infidias
749 3465 853 3540 pecori,
874 3484 927 3521 nec
940 3467 1011 3521 retia
1024 3466 1113 3523 cervis

447 3567 517 3624 Ulla
529 3565 627 3623 dolum
640 3564 826 3621 meditantur:
849 3574 927 3622 amat
935 3567 1025 3622 bonus
1034 3566 1093 3623 otia
1102 3566 1242 3643 Daphnis.

447 3667 504 3743 Ipsr
520 3664 622 3723 taetitit
634 3683 716 3722 voces
726 3665 761 3722 ad
775 3665 862 3723 sidera
871 3664 981 3742 janam

450 3767 557 3827 Intonsi
569 3775 694 3837 montem
716 3766 783 3842 ipsae
791 3766 852 3843 jam
865 3766 991 3824 carmina
1004 3787 1095 3844 rupes,

449 3869 514 3946 Ipsa
528 3869 628 3926 sonant
640 3868 763 3938 arbusta;
784 3867 872 3936 Deus,
892 3869 961 3926 deus
973 3869 1030 3939 ille,
1050 3871 1198 3930 Menalca!

450 3970 493 4028 Sis
506 3972 596 4027 bouus
609 3988 637 4039 o,
657 3967 793 4045 felixque,
808 3969 877 4026 tuis!
899 3988 935 4028 en
947 3979 1069 4046 quatuor
1080 3975 1154 4031 arasl

451 4075 525 4132 Ecce
538 4074 607 4131 duas
621 4072 685 4142 tibi,
706 4071 831 4147 Daphni,
852 4072 921 4130 duas
934 4073 1032 4131 altaria
1046 4074 1164 4133 Phoebol

453 4175 555 4233 Pocula
568 4174 645 4243 bina,
661 4190 734 4228 novo
747 4171 907 4247 spumantia
921 4175 1002 4244 laete,
1014 4184 1084 4251 quot
1097 4176 1179 4234 annis

454 4278 641 4351 craterasque
654 4274 712 4330 duo
725 4274 843 4330 statuam
858 4274 912 4331 tibi
924 4276 1040 4351 pinguis
1052 4277 1121 4334 olivi
1126 4302 1135 4348 ς

452 4380 500 4448 Et,
520 4377 613 4435 multo
625 4376 657 4432 iu
670 4374 770 4451 primis
780 4374 906 4434 hilarans
919 4378 1047 4435 convivia
1062 4380 1181 4449 Baccho,

456 4480 537 4537 Ante
550 4479 657 4547 focum,
677 4476 698 4533 fi
712 4476 803 4552 frigus
815 4477 879 4546 erit,
901 4477 1034 4548 fimeffis‚
1055 4479 1085 4536 in
1098 4481 1208 4552 umbri,

455 4580 532 4659 Vina
545 4598 650 4637 novum
665 4577 786 4635 fundam
798 4578 916 4635 calathis
928 4580 1040 4638 Ariufia
1054 4583 1157 4639 neetar.

457 4681 622 4741 cantabunt
634 4678 708 4738 mihi
721 4681 867 4739 Damoetas
879 4690 909 4738 et
923 4682 1038 4758 Lyelius
1051 4683 1149 4760 AEgon
1156 4708 1164 4752 ;
