3492 6884
489 1777 600 1838 .v.3l.
749 1766 1086 1828 cATALucTA.
1262 1777 1317 1842 173

513 1927 594 2004 Saepe
606 1923 734 1984 animam
746 1922 845 2002 generi
857 1942 910 2001 pro
923 1923 981 2001 qud
993 1932 1074 2001 pater
1083 1923 1180 2001 inpius
1192 1924 1300 1999 hnufit5

553 2031 634 2106 Saepe
647 2030 735 2087 rubro
747 2028 826 2085 Eleis
838 2026 979 2103 sanguine
991 2026 1078 2085 fluxit
1091 2028 1210 2087 humus:

512 2132 604 2210 Regin
618 2151 677 2191 non
689 2130 809 2200 Semele,
829 2148 888 2188 non
902 2129 1017 2188 Inachis
1029 2130 1185 2202 Acrifione,

552 2235 668 2294 Iumitti
681 2233 846 2311 exspedtane
858 2232 991 2303 fulmine,
1012 2241 1042 2291 et
1054 2233 1156 2304 imbre,
1169 2235 1287 2313 Jovemr

512 2338 602 2417 Cujus
614 2349 644 2397 et
656 2341 694 2397 ob
708 2347 822 2415 raptum
834 2336 908 2414 pulfi
920 2336 1030 2413 liquere
1042 2337 1160 2396 Penates

551 2441 705 2519 Tarquinii
717 2440 833 2518 patrios,
853 2439 930 2526 filiup
942 2450 1030 2516 atque
1041 2450 1137 2517 pater;

511 2545 577 2616 Illo,
590 2565 649 2623 quo
660 2544 787 2623 primurn
800 2543 966 2602 dominatus
978 2544 1069 2601 Roma
1082 2541 1216 2620 superbos

550 2648 680 2707 Mutavit
690 2647 809 2725 placidis
822 2657 952 2724 tempore
964 2646 1151 2705 Consulibus:

511 2752 618 2822 Multa,
638 2770 731 2828 neque
746 2750 897 2819 inmeritis,
916 2749 1035 2808 donavit
1047 2749 1165 2827 praemia
1178 2749 1313 2822 alumnis,

550 2854 670 2913 Praemia
681 2853 806 2915 Meffalie
819 2853 947 2912 maxima
958 2853 1119 2931 Poplicolis.

513 2960 580 3038 Jam
590 2957 660 3034 quid
670 2976 726 3035 ego
735 2953 856 3016 inmensi
867 2975 1025 3014 memorem
1034 2957 1124 3015 studia
1133 2956 1183 3017 ista
1192 2958 1314 3018 loboris?

555 3061 680 3119 Horrida
693 3060 764 3136 quid
777 3061 855 3118 durae
868 3069 997 3136 tempora
1008 3060 1136 3119 militiae?

514 3163 611 3224 Castra
625 3164 689 3222 foro
702 3162 808 3233 solitos,
828 3163 895 3221 urbi
907 3182 1070 3240 preponere
1082 3164 1179 3233 cestra,

553 3267 629 3325 Tam
642 3267 742 3343 procul
757 3267 812 3324 hoc
826 3276 904 3336 nato,
925 3274 985 3324 tam
996 3267 1095 3343 procul
1107 3267 1161 3326 hac
1173 3246 1282 3344 patrii?

514 3371 697 3430 Inmoderata
710 3369 771 3447 pati
784 3388 862 3428 nunc
875 3368 992 3447 frigora,
1012 3389 1146 3447 nuncque
1158 3371 1281 3430 calores?

555 3476 678 3533 Stertere
690 3473 736 3531 vel
749 3473 820 3532 durd
832 3473 909 3550 polle
920 3471 1004 3549 super
1016 3472 1110 3531 filice?

515 3578 596 3653 Saepe
608 3586 721 3635 trucem
733 3575 850 3638 adverso
862 3574 971 3653 perlabi
985 3576 1073 3636 fidere
1083 3577 1223 3635 Pontum?

554 3682 634 3758 Saepe
646 3699 725 3739 mare
737 3657 868 3738 audendo
881 3678 1005 3749 vincere,
1024 3680 1098 3757 saepe
1110 3679 1252 3739 hiemen?

515 3786 595 3861 Saepe
607 3782 697 3842 etiam
709 3783 809 3843 densos
822 3782 969 3841 inmittere
981 3802 1082 3860 corpus
1093 3783 1125 3840 in
1139 3782 1243 3857 hoster,

554 3888 749 3946 Communem
761 3886 831 3945 belli
843 3905 897 3945 nec
910 3885 1034 3945 timuiffe
1047 3887 1150 3945 deum?

515 3991 606 4052 Nunc
618 3991 724 4050 celeres
735 3990 832 4060 Afros,
852 3989 1036 4067 perituraque
1048 3990 1140 4049 millia
1152 3988 1257 4069 gentis,

555 4096 653 4153 Aurea
666 4112 743 4152 nunc
755 4093 848 4171 rapidi
859 4093 982 4152 flumina
993 4093 1071 4153 adire
1079 4093 1172 4171 Tagi?

515 4197 606 4258 Nunc
618 4197 706 4256 eliam
718 4216 755 4255 ex
768 4197 824 4256 alid
836 4196 970 4256 bellando
982 4216 1109 4274 quaerere
1122 4200 1257 4275 gentem?

553 4300 680 4359 Vincere
692 4310 723 4358 et
735 4299 847 4358 Oceani
858 4300 966 4359 finibus
977 4301 1116 4359 ulteriml

516 4403 588 4462 Non
600 4402 726 4461 nostrum
737 4403 786 4471 est,
798 4402 929 4479 inquam,
940 4411 1033 4462 tentas
1044 4404 1193 4482 adtingere
1203 4404 1316 4478 laudeni

557 4505 641 4564 Quin
653 4505 743 4564 aufim
756 4505 811 4563 hoc
823 4504 914 4564 etiam
926 4506 1030 4577 dicere,
1043 4506 1093 4566 vix
1104 4506 1256 4566 hominum
1268 4508 1318 4567 est.

517 4607 592 4686 lpse,
599 4607 661 4665 haeo
669 4606 730 4686 ipsa
739 4607 834 4668 ferent
843 4627 940 4666 rerum
949 4618 1137 4668 monumenta
1146 4612 1316 4687 perorbemr

557 4710 622 4790 lpse
634 4709 688 4772 libi
698 4710 850 4790 egregium
861 4710 938 4772 nea
949 4712 1036 4772 deme
1047 4711 1170 4791 perient.
