3492 6884
369 1746 558 1855 “v.49.
712 1782 936 1842 ncnoon
975 1780 1028 1837 vr.
1222 1782 1261 1837 aa

470 1937 513 1995 At
524 1952 582 1995 non
596 1943 656 1995 tam
669 1938 759 2016 turpis
770 1941 914 2016 pecudum
926 1948 1022 2000 tamen
1035 1936 1093 1994 ulla
1107 1931 1200 1990 secuta
1213 1926 1253 1986 est

469 2038 657 2108 Concubitus,
676 2041 805 2115 quamvis
817 2043 891 2099 collo
905 2038 1042 2098 timuisset
1054 2045 1188 2102 aratrum,

470 2140 508 2197 Et
520 2139 593 2217 saepe
605 2140 636 2198 in
650 2141 707 2198 levi
719 2143 856 2217 quaesrffet
870 2161 976 2200 cornua
989 2141 1093 2198 fronte.

470 2242 520 2298 Ah
532 2242 614 2317 virgo
625 2242 744 2300 infelix!
768 2253 801 2301 tu
814 2263 891 2301 nunc
904 2244 935 2300 in
949 2241 1094 2300 montibus
1105 2255 1194 2295 errae:

469 2342 533 2412 Ille,
552 2344 626 2401 latus
639 2344 756 2403 niveum
769 2344 850 2402 molli
863 2344 954 2401 fultus
966 2340 1132 2419 hyacintho,

469 2444 539 2502 llice
549 2444 601 2502 sub
614 2445 696 2522 nigra
709 2445 841 2522 pallentis
853 2445 981 2503 ruminat
993 2443 1107 2511 herbas3

469 2547 533 2605 Aut
546 2546 671 2624 aliquam
683 2547 715 2605 in
728 2565 834 2624 magno
847 2546 975 2622 sequitur
987 2563 1083 2623 grege.
1116 2536 1263 2607 Claudite,

547 2648 702 2725 Nymphae,

470 2748 588 2809 Distmoe
600 2750 755 2827 Nymphae,
774 2768 924 2808 nemorum
933 2747 994 2826 jam
1006 2746 1131 2807 claudite
1149 2744 1244 2812 saltus,

470 2851 501 2909 Si
513 2850 570 2927 qua
582 2852 656 2909 sorte
669 2852 762 2910 serant
774 2852 863 2927 oculis
876 2851 934 2909 sese
945 2852 1029 2909 obvia
1043 2851 1141 2909 nostris

470 2952 636 3010 Errabunda
650 2953 729 3010 bovis
742 2953 872 3029 vestigia:
895 2953 1012 3010 forsitan
1023 2952 1109 3010 illum

471 3054 534 3112 Aut
546 3053 633 3113 herba
646 3061 764 3131 captum
777 3054 872 3125 viridi,
893 3063 944 3111 aut
956 3062 1085 3112 armenta
1098 3053 1237 3120 secutum,

472 3156 630 3213 Perducant
642 3155 746 3231 aliquae
759 3156 866 3214 stabula
879 3155 916 3212 ad
929 3155 1070 3232 Gortynia
1082 3174 1185 3213 vaccae.

404 3286 415 3307 .
509 3256 589 3313 Tum
597 3256 676 3313 canit
687 3257 879 3331 Hesperidum
891 3256 1024 3343 miratam
1037 3257 1112 3313 mala
1121 3256 1261 3333 puellam:

471 3357 551 3414 Tum
564 3356 798 3415 Phaethontiadas
810 3357 907 3415 musco
920 3358 1079 3415 circumdat
1091 3376 1194 3414 amarae

474 3456 606 3524 Corticia,
625 3466 710 3531 atque
723 3455 781 3514 solo
793 3475 921 3532 proceras
934 3458 1020 3533 erigit
1033 3458 1121 3514 alnos.

472 3559 551 3616 Tum
564 3556 650 3625 canit,
661 3566 802 3614 errantem
813 3557 943 3614 Permeffi
957 3558 993 3613 ad
1006 3556 1136 3626 flumina,
1149 3556 1266 3615 Gallum

473 3660 571 3718 Aonas
583 3658 615 3715 in
628 3657 734 3715 montis
747 3666 781 3715 ut
793 3656 909 3714 duxerit
922 3675 978 3714 una
989 3655 1129 3728 sororum3

473 3760 574 3835 thue
586 3758 647 3816 viro
660 3758 759 3816 Phoebi
773 3758 875 3815 chorus
887 3757 1076 3815 adsurrexerit
1088 3759 1194 3829 omnis5

474 3862 518 3919 Ut
531 3859 621 3917 Linus
634 3860 695 3916 haec
708 3858 763 3930 illi,
783 3857 882 3916 divino
892 3858 1018 3916 carmine
1032 3859 1132 3934 pastor,

474 3961 604 4020 Floribus
617 3970 703 4035 atque
715 3959 780 4035 apio
793 3959 880 4016 crinis
892 3969 1007 4018 ornatus
1019 3978 1132 4030 amarae,

475 4062 605 4121 Dixerit:
622 4063 684 4119 Hos
694 4061 749 4118 tibi
762 4062 832 4118 dant
845 4061 976 4131 calamos,
990 4080 1027 4119 en
1040 4062 1151 4138 accipel
1166 4063 1268 4136 Musae,

476 4163 591 4222 Ascraeo
603 4182 674 4238 quos
687 4172 753 4219 ante
766 4160 839 4231 seni3
866 4163 970 4238 quibus
982 4162 1033 4220 ille
1045 4162 1154 4222 solebat

476 4266 628 4324 Cantando
641 4263 746 4340 rigidas
758 4264 896 4320 deducere
908 4265 1054 4322 montibus
1067 4284 1160 4325 omos.

477 4366 533 4424 His
546 4366 601 4424 tibi
615 4364 725 4440 Grynei
738 4365 861 4424 nemoris
873 4364 986 4424 dicatur
998 4366 1094 4444 orig03

478 4467 527 4524 Ne
539 4466 603 4542 qnia
617 4466 651 4523 fit
663 4466 752 4535 lucus,
771 4485 829 4541 quo
842 4466 870 4523 se
883 4467 947 4543 plus
955 4466 1044 4543 jactet
1056 4470 1172 4546 Apollo.

519 4567 600 4628 Quid
613 4568 723 4644 loquar,
732 4577 766 4625 ut
776 4568 899 4644 Scyllam
909 4569 983 4639 Nisi,
993 4590 1080 4646 quam
1090 4571 1167 4633 sama
1178 4571 1272 4630 secuta

595 4668 644 4738 cst,
