<?xml version="1.0" encoding="UTF-8"?>
<!DOCTYPE html PUBLIC "-//W3C//DTD XHTML 1.0 Transitional//EN"
    "http://www.w3.org/TR/xhtml1/DTD/xhtml1-transitional.dtd">
<html xmlns="http://www.w3.org/1999/xhtml" xml:lang="en" lang="en">
 <head>
  <title>
</title>
<meta http-equiv="Content-Type" content="text/html;charset=utf-8" />
  <meta name='ocr-system' content='tesseract 3.04.00' />
  <meta name='ocr-capabilities' content='ocr_page ocr_carea ocr_par ocr_line ocrx_word'/>
</head>
<body>
  <div class='ocr_page' id='page_1' title='image "./pvirgiliimaroni00wakegoog/pvirgiliimaroni00wakegoog_0161.png"; bbox 0 0 3492 6884; ppageno 0'>
   <div class='ocr_carea' id='block_1_1' title="bbox 497 1728 979 1788">
    <p class='ocr_par' dir='ltr' id='par_1_1' title="bbox 497 1728 979 1788">
     <span class='ocr_line' id='line_1_1' title="bbox 497 1728 979 1788; baseline 0.012 -7"><span class='ocrx_word' id='word_1_1' title='bbox 497 1731 604 1783; x_wconf 70' lang='lat' dir='ltr'>mlo.</span> <span class='ocrx_word' id='word_1_2' title='bbox 817 1728 979 1788; x_wconf 88' lang='lat' dir='ltr'>CIRIS.</span> 
     </span>
    </p>
   </div>
   <div class='ocr_carea' id='block_1_2' title="bbox 409 1880 1304 4496">
    <p class='ocr_par' dir='ltr' id='par_1_2' title="bbox 409 1880 1304 4496">
     <span class='ocr_line' id='line_1_2' title="bbox 498 1880 1149 1942; baseline 0.003 -5"><span class='ocrx_word' id='word_1_3' title='bbox 498 1880 625 1938; x_wconf 82' lang='lat' dir='ltr'>Auribus</span> <span class='ocrx_word' id='word_1_4' title='bbox 636 1881 756 1941; x_wconf 66' lang='lat' dir='ltr'>adradis</span> <span class='ocrx_word' id='word_1_5' title='bbox 769 1885 906 1942; x_wconf 69' lang='lat' dir='ltr'>nocturna</span> <span class='ocrx_word' id='word_1_6' title='bbox 920 1882 1030 1941; x_wconf 85' lang='lat' dir='ltr'>filentia</span> <span class='ocrx_word' id='word_1_7' title='bbox 1044 1891 1149 1941; x_wconf 76' lang='lat' dir='ltr'>tentat:</span> 
     </span>
     <span class='ocr_line' id='line_1_3' title="bbox 409 1969 1151 2062; baseline 0.004 -24"><span class='ocrx_word' id='word_1_8' title='bbox 409 1969 412 1973; x_wconf 55' lang='grc'><strong>’</strong></span> <span class='ocrx_word' id='word_1_9' title='bbox 498 1982 534 2038; x_wconf 89' lang='lat' dir='ltr'>Et</span> <span class='ocrx_word' id='word_1_10' title='bbox 547 1983 643 2059; x_wconf 81' lang='lat' dir='ltr'>predis</span> <span class='ocrx_word' id='word_1_11' title='bbox 656 1995 771 2043; x_wconf 82' lang='lat' dir='ltr'>tenuem</span> <span class='ocrx_word' id='word_1_12' title='bbox 787 1985 957 2062; x_wconf 75' lang='lat' dir='ltr'>singultibus</span> <span class='ocrx_word' id='word_1_13' title='bbox 969 1988 1032 2043; x_wconf 69' lang='lat' dir='ltr'>adra</span> <span class='ocrx_word' id='word_1_14' title='bbox 1045 1994 1151 2061; x_wconf 85' lang='lat' dir='ltr'>captat.</span> 
     </span>
     <span class='ocr_line' id='line_1_4' title="bbox 498 2083 1200 2163; baseline 0.006 -23"><span class='ocrx_word' id='word_1_15' title='bbox 498 2083 585 2151; x_wconf 88' lang='lat' dir='ltr'>Tum,</span> <span class='ocrx_word' id='word_1_16' title='bbox 599 2083 729 2161; x_wconf 84' lang='lat' dir='ltr'>suspensa</span> <span class='ocrx_word' id='word_1_17' title='bbox 742 2086 838 2144; x_wconf 86' lang='lat' dir='ltr'>levans</span> <span class='ocrx_word' id='word_1_18' title='bbox 850 2087 949 2163; x_wconf 79' lang='lat' dir='ltr'>digitis</span> <span class='ocrx_word' id='word_1_19' title='bbox 961 2086 1077 2163; x_wconf 68' lang='lat' dir='ltr'>uestigia</span> <span class='ocrx_word' id='word_1_20' title='bbox 1090 2086 1200 2163; x_wconf 79' lang='lat' dir='ltr'>primia,</span> 
     </span>
     <span class='ocr_line' id='line_1_5' title="bbox 499 2184 1177 2263; baseline 0.004 -22"><span class='ocrx_word' id='word_1_21' title='bbox 499 2184 666 2260; x_wconf 77' lang='lat' dir='ltr'>Egreditur5</span> <span class='ocrx_word' id='word_1_22' title='bbox 687 2187 818 2263; x_wconf 87' lang='lat' dir='ltr'>ferroque</span> <span class='ocrx_word' id='word_1_23' title='bbox 831 2206 932 2246; x_wconf 84' lang='lat' dir='ltr'>manus</span> <span class='ocrx_word' id='word_1_24' title='bbox 945 2197 1052 2245; x_wconf 88' lang='lat' dir='ltr'>armata</span> <span class='ocrx_word' id='word_1_25' title='bbox 1066 2187 1177 2245; x_wconf 86' lang='lat' dir='ltr'>bidenti</span> 
     </span>
     <span class='ocr_line' id='line_1_6' title="bbox 500 2286 1214 2364; baseline 0.003 -21"><span class='ocrx_word' id='word_1_26' title='bbox 500 2286 616 2344; x_wconf 82' lang='lat' dir='ltr'>Evolat:</span> <span class='ocrx_word' id='word_1_27' title='bbox 638 2299 668 2346; x_wconf 82' lang='lat' dir='ltr'>at</span> <span class='ocrx_word' id='word_1_28' title='bbox 681 2289 805 2364; x_wconf 83' lang='lat' dir='ltr'>demptae</span> <span class='ocrx_word' id='word_1_29' title='bbox 817 2288 910 2346; x_wconf 72' lang='lat' dir='ltr'>subitd</span> <span class='ocrx_word' id='word_1_30' title='bbox 922 2289 953 2346; x_wconf 88' lang='lat' dir='ltr'>in</span> <span class='ocrx_word' id='word_1_31' title='bbox 966 2288 1120 2346; x_wconf 81' lang='lat' dir='ltr'>formidine</span> <span class='ocrx_word' id='word_1_32' title='bbox 1132 2287 1214 2347; x_wconf 76' lang='lat' dir='ltr'>vires.</span> 
     </span>
     <span class='ocr_line' id='line_1_7' title="bbox 502 2388 1195 2467; baseline 0.003 -22"><span class='ocrx_word' id='word_1_33' title='bbox 502 2388 644 2447; x_wconf 75' lang='lat' dir='ltr'>caeruleas</span> <span class='ocrx_word' id='word_1_34' title='bbox 657 2388 706 2448; x_wconf 86' lang='lat' dir='ltr'>sua</span> <span class='ocrx_word' id='word_1_35' title='bbox 720 2390 796 2448; x_wconf 85' lang='lat' dir='ltr'>furta</span> <span class='ocrx_word' id='word_1_36' title='bbox 809 2390 887 2467; x_wconf 82' lang='lat' dir='ltr'>prius</span> <span class='ocrx_word' id='word_1_37' title='bbox 898 2390 1013 2448; x_wconf 78' lang='lat' dir='ltr'>testatur</span> <span class='ocrx_word' id='word_1_38' title='bbox 1023 2391 1059 2448; x_wconf 84' lang='lat' dir='ltr'>ad</span> <span class='ocrx_word' id='word_1_39' title='bbox 1071 2392 1195 2447; x_wconf 79' lang='lat' dir='ltr'>umbras.</span> 
     </span>
     <span class='ocr_line' id='line_1_8' title="bbox 502 2489 1268 2569; baseline 0.004 -24"><span class='ocrx_word' id='word_1_40' title='bbox 502 2489 590 2559; x_wconf 87' lang='lat' dir='ltr'>Nam,</span> <span class='ocrx_word' id='word_1_41' title='bbox 611 2492 667 2565; x_wconf 76' lang='lat' dir='ltr'>qud</span> <span class='ocrx_word' id='word_1_42' title='bbox 681 2491 709 2548; x_wconf 88' lang='lat' dir='ltr'>se</span> <span class='ocrx_word' id='word_1_43' title='bbox 723 2493 759 2549; x_wconf 87' lang='lat' dir='ltr'>ad</span> <span class='ocrx_word' id='word_1_44' title='bbox 770 2492 896 2569; x_wconf 86' lang='lat' dir='ltr'>patrium</span> <span class='ocrx_word' id='word_1_45' title='bbox 910 2491 1045 2549; x_wconf 71' lang='lat' dir='ltr'>tendebat</span> <span class='ocrx_word' id='word_1_46' title='bbox 1057 2491 1156 2549; x_wconf 87' lang='lat' dir='ltr'>semita</span> <span class='ocrx_word' id='word_1_47' title='bbox 1168 2491 1268 2559; x_wconf 83' lang='lat' dir='ltr'>limen,</span> 
     </span>
     <span class='ocr_line' id='line_1_9' title="bbox 502 2589 1298 2672; baseline 0.006 -25"><span class='ocrx_word' id='word_1_48' title='bbox 502 2589 650 2649; x_wconf 85' lang='lat' dir='ltr'>Vestibulo</span> <span class='ocrx_word' id='word_1_49' title='bbox 663 2592 694 2650; x_wconf 89' lang='lat' dir='ltr'>in</span> <span class='ocrx_word' id='word_1_50' title='bbox 708 2593 827 2651; x_wconf 84' lang='lat' dir='ltr'>thalami</span> <span class='ocrx_word' id='word_1_51' title='bbox 843 2595 962 2672; x_wconf 84' lang='lat' dir='ltr'>paulum</span> <span class='ocrx_word' id='word_1_52' title='bbox 975 2602 1131 2651; x_wconf 86' lang='lat' dir='ltr'>remoratur</span> <span class='ocrx_word' id='word_1_53' title='bbox 1135 2617 1144 2665; x_wconf 80' lang='lat'>3</span> <span class='ocrx_word' id='word_1_54' title='bbox 1166 2604 1195 2651; x_wconf 88' lang='lat' dir='ltr'>et</span> <span class='ocrx_word' id='word_1_55' title='bbox 1207 2593 1298 2652; x_wconf 78' lang='lat' dir='ltr'>altum</span> 
     </span>
     <span class='ocr_line' id='line_1_10' title="bbox 502 2692 1132 2769; baseline 0.005 -21"><span class='ocrx_word' id='word_1_56' title='bbox 502 2692 625 2769; x_wconf 85' lang='lat' dir='ltr'>Suspicit</span> <span class='ocrx_word' id='word_1_57' title='bbox 637 2695 674 2752; x_wconf 87' lang='lat' dir='ltr'>ad</span> <span class='ocrx_word' id='word_1_58' title='bbox 685 2693 758 2752; x_wconf 88' lang='lat' dir='ltr'>culti</span> <span class='ocrx_word' id='word_1_59' title='bbox 770 2694 909 2752; x_wconf 66' lang='lat' dir='ltr'>nidamia</span> <span class='ocrx_word' id='word_1_60' title='bbox 922 2695 1009 2752; x_wconf 78' lang='lat' dir='ltr'>fidem</span> <span class='ocrx_word' id='word_1_61' title='bbox 1021 2694 1132 2762; x_wconf 90' lang='lat' dir='ltr'>mundi,</span> 
     </span>
     <span class='ocr_line' id='line_1_11' title="bbox 501 2794 1179 2873; baseline 0.009 -23"><span class='ocrx_word' id='word_1_62' title='bbox 501 2794 571 2852; x_wconf 92' lang='lat' dir='ltr'>Non</span> <span class='ocrx_word' id='word_1_63' title='bbox 585 2796 702 2872; x_wconf 74' lang='lat' dir='ltr'>adcepra</span> <span class='ocrx_word' id='word_1_64' title='bbox 715 2796 770 2873; x_wconf 77' lang='lat' dir='ltr'>piis</span> <span class='ocrx_word' id='word_1_65' title='bbox 782 2797 953 2872; x_wconf 81' lang='lat' dir='ltr'>promittens</span> <span class='ocrx_word' id='word_1_66' title='bbox 964 2814 1082 2853; x_wconf 87' lang='lat' dir='ltr'>munera</span> <span class='ocrx_word' id='word_1_67' title='bbox 1096 2796 1179 2856; x_wconf 76' lang='lat' dir='ltr'>divis.</span> 
     </span>
     <span class='ocr_line' id='line_1_12' title="bbox 504 2896 1200 2975; baseline 0.003 -23"><span class='ocrx_word' id='word_1_68' title='bbox 504 2896 603 2953; x_wconf 81' lang='lat' dir='ltr'>Quam</span> <span class='ocrx_word' id='word_1_69' title='bbox 616 2897 708 2967; x_wconf 73' lang='lat' dir='ltr'>(iuml,</span> <span class='ocrx_word' id='word_1_70' title='bbox 728 2896 839 2975; x_wconf 85' lang='lat' dir='ltr'>Ogygii</span> <span class='ocrx_word' id='word_1_71' title='bbox 853 2897 994 2956; x_wconf 86' lang='lat' dir='ltr'>Plroenicia</span> <span class='ocrx_word' id='word_1_72' title='bbox 1007 2897 1075 2966; x_wconf 88' lang='lat' dir='ltr'>filia,</span> <span class='ocrx_word' id='word_1_73' title='bbox 1095 2898 1200 2955; x_wconf 84' lang='lat' dir='ltr'>Carme</span> 
     </span>
     <span class='ocr_line' id='line_1_13' title="bbox 505 2997 1220 3074; baseline 0.004 -21"><span class='ocrx_word' id='word_1_74' title='bbox 505 2997 624 3074; x_wconf 83' lang='lat' dir='ltr'>Surgere</span> <span class='ocrx_word' id='word_1_75' title='bbox 637 2997 722 3056; x_wconf 77' lang='lat' dir='ltr'>sensit</span> <span class='ocrx_word' id='word_1_76' title='bbox 734 3018 818 3069; x_wconf 79' lang='lat' dir='ltr'>anus3</span> <span class='ocrx_word' id='word_1_77' title='bbox 839 2999 965 3056; x_wconf 85' lang='lat' dir='ltr'>sonitum</span> <span class='ocrx_word' id='word_1_78' title='bbox 978 3013 1045 3055; x_wconf 89' lang='lat' dir='ltr'>nam</span> <span class='ocrx_word' id='word_1_79' title='bbox 1059 2999 1165 3056; x_wconf 77' lang='lat' dir='ltr'>fecerat</span> <span class='ocrx_word' id='word_1_80' title='bbox 1175 2998 1220 3056; x_wconf 89' lang='lat' dir='ltr'>illi</span> 
     </span>
     <span class='ocr_line' id='line_1_14' title="bbox 506 3099 1179 3171; baseline 0.003 -16"><span class='ocrx_word' id='word_1_81' title='bbox 506 3099 669 3156; x_wconf 84' lang='lat' dir='ltr'>Marmoreo</span> <span class='ocrx_word' id='word_1_82' title='bbox 682 3110 783 3156; x_wconf 82' lang='lat' dir='ltr'>aeratus</span> <span class='ocrx_word' id='word_1_83' title='bbox 796 3100 913 3158; x_wconf 81' lang='lat' dir='ltr'>stridens</span> <span class='ocrx_word' id='word_1_84' title='bbox 926 3099 957 3158; x_wconf 91' lang='lat' dir='ltr'>in</span> <span class='ocrx_word' id='word_1_85' title='bbox 968 3099 1068 3157; x_wconf 85' lang='lat' dir='ltr'>limine</span> <span class='ocrx_word' id='word_1_86' title='bbox 1080 3101 1165 3158; x_wconf 87' lang='lat' dir='ltr'>cardo</span> <span class='ocrx_word' id='word_1_87' title='bbox 1170 3124 1179 3171; x_wconf 68' lang='grc' dir='ltr'><strong>ς</strong></span> 
     </span>
     <span class='ocr_line' id='line_1_15' title="bbox 506 3200 1209 3278; baseline 0.001 -21"><span class='ocrx_word' id='word_1_88' title='bbox 506 3200 638 3277; x_wconf 89' lang='lat' dir='ltr'>Conripit</span> <span class='ocrx_word' id='word_1_89' title='bbox 650 3201 795 3277; x_wconf 82' lang='lat' dir='ltr'>extemplo</span> <span class='ocrx_word' id='word_1_90' title='bbox 808 3201 906 3259; x_wconf 75' lang='lat' dir='ltr'>feisam</span> <span class='ocrx_word' id='word_1_91' title='bbox 919 3202 1056 3277; x_wconf 87' lang='lat' dir='ltr'>languore</span> <span class='ocrx_word' id='word_1_92' title='bbox 1069 3201 1209 3278; x_wconf 86' lang='lat' dir='ltr'>puellam:</span> 
     </span>
     <span class='ocr_line' id='line_1_16' title="bbox 494 3300 1287 3378; baseline 0 -19"><span class='ocrx_word' id='word_1_93' title='bbox 494 3301 543 3359; x_wconf 84' lang='lat' dir='ltr'>&#39;Et</span> <span class='ocrx_word' id='word_1_94' title='bbox 558 3301 650 3368; x_wconf 84' lang='lat' dir='ltr'>srmul,</span> <span class='ocrx_word' id='word_1_95' title='bbox 669 3301 782 3358; x_wconf 85' lang='lat' dir='ltr'>onobia</span> <span class='ocrx_word' id='word_1_96' title='bbox 794 3300 904 3359; x_wconf 86' lang='lat' dir='ltr'>sacrum</span> <span class='ocrx_word' id='word_1_97' title='bbox 917 3313 1012 3378; x_wconf 84' lang='lat' dir='ltr'>caput,</span> <span class='ocrx_word' id='word_1_98' title='bbox 1033 3301 1137 3377; x_wconf 85' lang='lat' dir='ltr'>inquit,</span> <span class='ocrx_word' id='word_1_99' title='bbox 1157 3303 1287 3360; x_wconf 86' lang='lat' dir='ltr'>alumna!</span> 
     </span>
     <span class='ocr_line' id='line_1_17' title="bbox 506 3402 1244 3480; baseline -0.001 -20"><span class='ocrx_word' id='word_1_100' title='bbox 506 3403 576 3460; x_wconf 89' lang='lat' dir='ltr'>Non</span> <span class='ocrx_word' id='word_1_101' title='bbox 590 3402 644 3460; x_wconf 88' lang='lat' dir='ltr'>tibi</span> <span class='ocrx_word' id='word_1_102' title='bbox 656 3402 850 3478; x_wconf 59' lang='lat' dir='ltr'>nequidquam</span> <span class='ocrx_word' id='word_1_103' title='bbox 863 3403 961 3460; x_wconf 85' lang='lat' dir='ltr'>viridis</span> <span class='ocrx_word' id='word_1_104' title='bbox 973 3423 1023 3480; x_wconf 86' lang='lat' dir='ltr'>per</span> <span class='ocrx_word' id='word_1_105' title='bbox 1035 3403 1139 3462; x_wconf 86' lang='lat' dir='ltr'>viscera</span> <span class='ocrx_word' id='word_1_106' title='bbox 1152 3403 1244 3479; x_wconf 84' lang='lat' dir='ltr'>pallor</span> 
     </span>
     <span class='ocr_line' id='line_1_18' title="bbox 507 3503 1133 3581; baseline -0.002 -19"><span class='ocrx_word' id='word_1_107' title='bbox 507 3505 644 3581; x_wconf 80' lang='lat' dir='ltr'>AEgrotas</span> <span class='ocrx_word' id='word_1_108' title='bbox 658 3504 738 3561; x_wconf 83' lang='lat' dir='ltr'>tenui</span> <span class='ocrx_word' id='word_1_109' title='bbox 752 3503 870 3561; x_wconf 86' lang='lat' dir='ltr'>suffudit</span> <span class='ocrx_word' id='word_1_110' title='bbox 883 3504 1020 3580; x_wconf 85' lang='lat' dir='ltr'>sanguine</span> <span class='ocrx_word' id='word_1_111' title='bbox 1033 3523 1133 3573; x_wconf 59' lang='lat' dir='ltr'>venam</span> 
     </span>
     <span class='ocr_line' id='line_1_19' title="bbox 507 3604 1304 3683; baseline 0.001 -19"><span class='ocrx_word' id='word_1_112' title='bbox 507 3607 571 3664; x_wconf 85' lang='lat' dir='ltr'>Nec</span> <span class='ocrx_word' id='word_1_113' title='bbox 585 3606 663 3672; x_wconf 80' lang='lat' dir='ltr'>levia,</span> <span class='ocrx_word' id='word_1_114' title='bbox 681 3604 735 3664; x_wconf 90' lang='lat' dir='ltr'>hoc</span> <span class='ocrx_word' id='word_1_115' title='bbox 748 3606 854 3664; x_wconf 80' lang='lat' dir='ltr'>faceres</span> <span class='ocrx_word' id='word_1_116' title='bbox 868 3604 1065 3681; x_wconf 86' lang='lat' dir='ltr'>(nequeenim</span> <span class='ocrx_word' id='word_1_117' title='bbox 1076 3607 1156 3683; x_wconf 87' lang='lat' dir='ltr'>pote)</span> <span class='ocrx_word' id='word_1_118' title='bbox 1177 3624 1245 3664; x_wconf 86' lang='lat' dir='ltr'>cura</span> <span class='ocrx_word' id='word_1_119' title='bbox 1257 3605 1304 3665; x_wconf 88' lang='lat' dir='ltr'>su·</span> 
     </span>
     <span class='ocr_line' id='line_1_20' title="bbox 584 3707 679 3784; baseline -0.032 -19"><span class='ocrx_word' id='word_1_120' title='bbox 584 3707 679 3784; x_wconf 83' lang='lat' dir='ltr'>begit:</span> 
     </span>
     <span class='ocr_line' id='line_1_21' title="bbox 508 3807 1225 3885; baseline 0 -18"><span class='ocrx_word' id='word_1_121' title='bbox 508 3810 596 3868; x_wconf 84' lang='lat' dir='ltr'>Haud</span> <span class='ocrx_word' id='word_1_122' title='bbox 608 3809 701 3878; x_wconf 81' lang='lat' dir='ltr'>fallor,</span> <span class='ocrx_word' id='word_1_123' title='bbox 720 3810 798 3885; x_wconf 89' lang='lat' dir='ltr'>quod</span> <span class='ocrx_word' id='word_1_124' title='bbox 811 3818 840 3866; x_wconf 86' lang='lat' dir='ltr'>te</span> <span class='ocrx_word' id='word_1_125' title='bbox 851 3807 947 3885; x_wconf 73' lang='lat' dir='ltr'>potius</span> <span class='ocrx_word' id='word_1_126' title='bbox 957 3808 1129 3867; x_wconf 79' lang='lat' dir='ltr'>Rhamnusia</span> <span class='ocrx_word' id='word_1_127' title='bbox 1141 3808 1225 3868; x_wconf 84' lang='lat' dir='ltr'>fallit.</span> 
     </span>
     <span class='ocr_line' id='line_1_22' title="bbox 507 3909 1213 3987; baseline -0.003 -17"><span class='ocrx_word' id='word_1_128' title='bbox 507 3912 587 3970; x_wconf 88' lang='lat' dir='ltr'>Nam</span> <span class='ocrx_word' id='word_1_129' title='bbox 599 3912 656 3987; x_wconf 78' lang='lat' dir='ltr'>qud</span> <span class='ocrx_word' id='word_1_130' title='bbox 669 3922 698 3968; x_wconf 85' lang='lat' dir='ltr'>te</span> <span class='ocrx_word' id='word_1_131' title='bbox 710 3910 804 3970; x_wconf 70' lang='lat' dir='ltr'>caussb</span> <span class='ocrx_word' id='word_1_132' title='bbox 815 3929 869 3968; x_wconf 85' lang='lat' dir='ltr'>nec</span> <span class='ocrx_word' id='word_1_133' title='bbox 882 3911 972 3968; x_wconf 87' lang='lat' dir='ltr'>dulcis</span> <span class='ocrx_word' id='word_1_134' title='bbox 985 3910 1086 3986; x_wconf 83' lang='lat' dir='ltr'>pocula</span> <span class='ocrx_word' id='word_1_135' title='bbox 1098 3909 1213 3980; x_wconf 88' lang='lat' dir='ltr'>Bacchi,</span> 
     </span>
     <span class='ocr_line' id='line_1_23' title="bbox 509 4011 1225 4089; baseline -0.003 -19"><span class='ocrx_word' id='word_1_136' title='bbox 509 4012 573 4070; x_wconf 88' lang='lat' dir='ltr'>Nec</span> <span class='ocrx_word' id='word_1_137' title='bbox 586 4013 716 4089; x_wconf 82' lang='lat' dir='ltr'>gravidos</span> <span class='ocrx_word' id='word_1_138' title='bbox 727 4011 837 4070; x_wconf 85' lang='lat' dir='ltr'>Cereris</span> <span class='ocrx_word' id='word_1_139' title='bbox 850 4012 944 4069; x_wconf 86' lang='lat' dir='ltr'>dicam</span> <span class='ocrx_word' id='word_1_140' title='bbox 956 4011 1122 4086; x_wconf 78' lang='lat' dir='ltr'>contingere</span> <span class='ocrx_word' id='word_1_141' title='bbox 1134 4011 1225 4069; x_wconf 77' lang='lat' dir='ltr'>fetus?</span> 
     </span>
     <span class='ocr_line' id='line_1_24' title="bbox 511 4111 1220 4190; baseline -0.001 -19"><span class='ocrx_word' id='word_1_142' title='bbox 511 4114 578 4171; x_wconf 74' lang='lat' dir='ltr'>Qua</span> <span class='ocrx_word' id='word_1_143' title='bbox 591 4113 684 4172; x_wconf 71' lang='lat' dir='ltr'>caussd</span> <span class='ocrx_word' id='word_1_144' title='bbox 696 4114 733 4172; x_wconf 88' lang='lat' dir='ltr'>ad</span> <span class='ocrx_word' id='word_1_145' title='bbox 744 4112 870 4190; x_wconf 84' lang='lat' dir='ltr'>patrium</span> <span class='ocrx_word' id='word_1_146' title='bbox 884 4113 972 4172; x_wconf 89' lang='lat' dir='ltr'>solam</span> <span class='ocrx_word' id='word_1_147' title='bbox 985 4113 1103 4189; x_wconf 84' lang='lat' dir='ltr'>vigilare</span> <span class='ocrx_word' id='word_1_148' title='bbox 1116 4111 1220 4182; x_wconf 86' lang='lat' dir='ltr'>cubile,</span> 
     </span>
     <span class='ocr_line' id='line_1_25' title="bbox 508 4215 1182 4293; baseline -0.003 -20"><span class='ocrx_word' id='word_1_149' title='bbox 508 4217 651 4293; x_wconf 77' lang='lat' dir='ltr'>Tempore</span> <span class='ocrx_word' id='word_1_150' title='bbox 663 4235 721 4291; x_wconf 91' lang='lat' dir='ltr'>quo</span> <span class='ocrx_word' id='word_1_151' title='bbox 733 4215 814 4274; x_wconf 75' lang='lat' dir='ltr'>ferras</span> <span class='ocrx_word' id='word_1_152' title='bbox 826 4215 956 4274; x_wconf 86' lang='lat' dir='ltr'>mortalia</span> <span class='ocrx_word' id='word_1_153' title='bbox 967 4215 1079 4291; x_wconf 62' lang='lat' dir='ltr'>pectora</span> <span class='ocrx_word' id='word_1_154' title='bbox 1091 4233 1182 4283; x_wconf 72' lang='lat' dir='ltr'>curan,</span> 
     </span>
     <span class='ocr_line' id='line_1_26' title="bbox 511 4315 1254 4394; baseline 0 -19"><span class='ocrx_word' id='word_1_155' title='bbox 511 4318 581 4376; x_wconf 82' lang='lat' dir='ltr'>Quo</span> <span class='ocrx_word' id='word_1_156' title='bbox 592 4317 704 4394; x_wconf 81' lang='lat' dir='ltr'>rapidos</span> <span class='ocrx_word' id='word_1_157' title='bbox 716 4317 803 4375; x_wconf 78' lang='lat' dir='ltr'>etiam</span> <span class='ocrx_word' id='word_1_158' title='bbox 817 4315 996 4392; x_wconf 79' lang='lat' dir='ltr'>requiescunt</span> <span class='ocrx_word' id='word_1_159' title='bbox 1009 4316 1129 4374; x_wconf 83' lang='lat' dir='ltr'>flumina</span> <span class='ocrx_word' id='word_1_160' title='bbox 1141 4315 1254 4375; x_wconf 79' lang='lat' dir='ltr'>cursuu?</span> 
     </span>
     <span class='ocr_line' id='line_1_27' title="bbox 511 4417 1269 4496; baseline -0.003 -18"><span class='ocrx_word' id='word_1_161' title='bbox 511 4419 567 4480; x_wconf 89' lang='lat' dir='ltr'>Dic</span> <span class='ocrx_word' id='word_1_162' title='bbox 580 4438 634 4496; x_wconf 86' lang='lat' dir='ltr'>age</span> <span class='ocrx_word' id='word_1_163' title='bbox 646 4437 723 4476; x_wconf 89' lang='lat' dir='ltr'>nuuc</span> <span class='ocrx_word' id='word_1_164' title='bbox 736 4417 845 4476; x_wconf 82' lang='lat' dir='ltr'>miserae</span> <span class='ocrx_word' id='word_1_165' title='bbox 857 4417 967 4485; x_wconf 88' lang='lat' dir='ltr'>saltem,</span> <span class='ocrx_word' id='word_1_166' title='bbox 987 4417 1054 4492; x_wconf 89' lang='lat' dir='ltr'>quid</span> <span class='ocrx_word' id='word_1_167' title='bbox 1072 4417 1145 4494; x_wconf 73' lang='lat' dir='ltr'>saepe</span> <span class='ocrx_word' id='word_1_168' title='bbox 1157 4418 1269 4495; x_wconf 79' lang='lat' dir='ltr'>petenti</span> 
     </span>
    </p>
   </div>
   <div class='ocr_carea' id='block_1_3' title="bbox 511 4518 1210 4696">
    <p class='ocr_par' dir='ltr' id='par_1_3' title="bbox 511 4518 1210 4696">
     <span class='ocr_line' id='line_1_28' title="bbox 511 4518 1210 4602; baseline -0.004 -23"><span class='ocrx_word' id='word_1_169' title='bbox 511 4523 630 4602; x_wconf 82' lang='lat' dir='ltr'>Jurabaa</span> <span class='ocrx_word' id='word_1_170' title='bbox 644 4519 716 4578; x_wconf 86' lang='lat' dir='ltr'>nibil</span> <span class='ocrx_word' id='word_1_171' title='bbox 730 4518 784 4576; x_wconf 86' lang='lat' dir='ltr'>essu</span> <span class='ocrx_word' id='word_1_172' title='bbox 797 4518 880 4588; x_wconf 88' lang='lat' dir='ltr'>mihi,</span> <span class='ocrx_word' id='word_1_173' title='bbox 898 4537 965 4575; x_wconf 89' lang='lat' dir='ltr'>cum</span> <span class='ocrx_word' id='word_1_174' title='bbox 979 4518 1071 4575; x_wconf 65' lang='lat' dir='ltr'>maesta</span> <span class='ocrx_word' id='word_1_175' title='bbox 1085 4518 1210 4595; x_wconf 77' lang='lat' dir='ltr'>parentia</span> 
     </span>
     <span class='ocr_line' id='line_1_29' title="bbox 512 4619 1169 4696; baseline -0.005 -17"><span class='ocrx_word' id='word_1_176' title='bbox 512 4619 658 4686; x_wconf 82' lang='lat' dir='ltr'>Formosus</span> <span class='ocrx_word' id='word_1_177' title='bbox 669 4620 778 4678; x_wconf 87' lang='lat' dir='ltr'>circum</span> <span class='ocrx_word' id='word_1_178' title='bbox 791 4619 872 4695; x_wconf 74' lang='lat' dir='ltr'>virgo</span> <span class='ocrx_word' id='word_1_179' title='bbox 885 4637 1024 4677; x_wconf 81' lang='lat' dir='ltr'>morerere</span> <span class='ocrx_word' id='word_1_180' title='bbox 1036 4619 1169 4696; x_wconf 72' lang='lat' dir='ltr'>capillus?</span> 
     </span>
    </p>
   </div>
   <div class='ocr_carea' id='block_1_4' title="bbox 0 0 1786 6884">
    <p class='ocr_par' dir='ltr' id='par_1_4' title="bbox 0 0 1786 6884">
     <span class='ocr_line' id='line_1_30' title="bbox 0 0 1786 6884; baseline 0 0"><span class='ocrx_word' id='word_1_181' title='bbox 0 0 1786 6884; x_wconf 95' lang='lat' dir='ltr'> </span> 
     </span>
    </p>
   </div>
  </div>
 </body>
</html>
