3492 6884
559 2165 845 2226 nv1no1L11
878 2166 1119 2227 Minoum

703 2336 970 2419 CULEX.

648 2597 710 2649 ΑΙ)
751 2593 1030 2650 oc'raleM.

697 2875 984 2923 ο-Φ--ε

441 3132 603 3233 Lusnrua,
622 3161 734 3233 onavi,
754 3165 854 3242 gracili
866 3166 1033 3224 modulante
1044 3162 1163 3234 Thulin

440 3267 548 3341 Atque,
569 3275 602 3324 ut
613 3269 747 3338 araneoli,
768 3280 885 3328 tenuem
895 3268 1081 3328 formavimus
1092 3266 1197 3326 orsum.
1233 3353 1237 3361 Ι

440 3368 585 3427 Lufimuaz
606 3370 669 3429 haec
680 3382 795 3448 propter
806 3372 916 3431 Culicis
929 3372 983 3429 fint
997 3370 1123 3429 carmina
1135 3368 1219 3445 ditia.
1239 3438 1243 3450 Ι

439 3470 546 3528 Omnis
557 3480 592 3529 ut
602 3471 724 3531 historie
735 3492 787 3551 per
798 3474 900 3532 ludum
913 3473 1047 3531 consonet
1058 3472 1128 3530 ordo

439 3571 570 3643 Notitiae,
590 3574 694 3632 dumm
706 3593 801 3633 voces:
822 3574 892 3633 lieet
904 3574 1017 3633 invidus
1029 3573 1109 3631 adfit.

440 3672 579 3749 Quisquis
591 3675 645 3732 erit
659 3676 775 3753 culpare
781 3675 870 3754 jocos,
884 3676 1065 3751 Musamque,
1084 3683 1212 3751 paratum

438 3775 564 3834 Pondere
575 3776 621 3834 vel
634 3777 743 3835 Culicis
756 3778 855 3847 levior,
875 3778 1019 3854 famique,
1037 3777 1155 3834 feretur.

438 3878 576 3937 Posterius
588 3879 717 3955 graviore
730 3878 798 3938 sono
812 3880 866 3938 tibi
879 3879 963 3938 Musa
976 3880 1108 3955 loquetur
1240 3936 1242 3939 ,

436 3978 554 4037 Nostra:
570 3980 681 4038 dabunt
690 3999 757 4038 cum
766 3981 876 4039 securos
884 3981 957 4039 mihi
970 3991 1095 4057 tempora
1108 3978 1229 4038 fruatur:

437 4081 481 4139 Ut
494 4080 548 4139 tibi
561 4082 648 4158 digna
662 4091 712 4139 tuo
724 4082 868 4159 poliantur
881 4083 1007 4141 munina
1020 4081 1112 4141 sensuss

475 4184 604 4253 Latonae,
617 4183 772 4260 magnique
785 4186 869 4242 decus
881 4185 969 4263 Jovis‚
988 4203 1073 4243 aurea
1085 4184 1191 4266 proles,¹

436 4284 567 4355 Phoebus,
588 4286 643 4344 erit
657 4285 742 4343 nostri
755 4286 886 4362 princeps
898 4297 928 4344 et
941 4286 1075 4347 carminis
1087 4286 1194 4356 aneton,

434 4387 473 4446 Et
485 4387 629 4446 recinente
642 4388 703 4465 lyra
716 4388 825 4445 fautor:
849 4387 905 4446 srve
917 4389 1021 4447 educat
1032 4389 1117 4447 illum

434 4489 523 4547 Alma
535 4489 697 4547 Chimaereo
710 4488 844 4547 Xanthus
856 4489 970 4566 perfusa
983 4489 1103 4566 liquore,

434 4592 490 4650 Seu
502 4610 602 4649 nemus
615 4589 743 4659 Asteriae,
763 4590 812 4648 seu
825 4590 882 4666 qui
895 4591 1033 4650 Parnaffia
1045 4609 1130 4668 rupea

434 4692 515 4752 Hinc
526 4702 613 4768 atque
625 4692 694 4768 hinc
706 4690 804 4770 patuli
817 4692 977 4770 praepandit
989 4710 1094 4752 cornua
1108 4691 1212 4775 fronte,
1235 4747 1238 4754 .
