3492 6884
529 1826 590 1879 no
759 1810 1087 1887 Gssonotcott,
1215 1819 1321 1879 rim

523 1972 670 2037 Cmsceret
680 1971 710 2029 in
722 1980 850 2031 ventrem
862 1951 1006 2043 encumia5
1020 1990 1074 2029 nec
1086 1968 1146 2029 sera
1158 1982 1321 2032 mmmmm

525 2073 696 2142 Narciffum,
716 2083 766 2130 ant
779 2072 848 2131 flexi
862 2072 1007 2131 tacuiffem
1020 2072 1116 2131 vimen
1129 2070 1255 2145 acanthi,

524 2174 714 2252 Pallentisque
726 2176 832 2244 ederas,
852 2183 883 2232 et
895 2174 1017 2233 amantia
1029 2175 1113 2233 litora
1126 2184 1242 2251 myrtea

563 2279 700 2356 Namque
715 2278 767 2336 sub
777 2276 907 2337 OEbatiae
918 2276 1039 2335 memini
1051 2296 1099 2335 me
1111 2278 1236 2336 turribus
1247 2276 1323 2349 altis,

526 2379 595 2439 Qua
608 2380 692 2458 niger
702 2380 846 2438 humeiiat
859 2378 994 2437 flaventia
1006 2379 1083 2437 mlta
1096 2378 1232 2449 Galaesua,

526 2482 682 2560 Corycium
695 2482 793 2540 vidiffe
806 2481 912 2549 senem,
931 2480 979 2539 cui
991 2499 1082 2557 pauca
1094 2481 1185 2541 reliffi

525 2584 632 2662 Jugera
645 2583 716 2642 ruris
728 2592 823 2654 emnt;
845 2601 899 2640 nec
911 2581 1014 2640 fertilia
1025 2582 1075 2640 illa
1083 2581 1223 2659 juvencis,

524 2686 590 2745 Nec
599 2684 695 2763 pecori
707 2696 866 2761 opportuna
876 2682 963 2760 seges,
976 2702 1030 2742 nec
1040 2686 1189 2743 commoda
1199 2685 1319 2745 Baoeho.

525 2789 585 2848 Hic
596 2806 692 2846 rarum
705 2796 801 2844 tamen
813 2785 844 2843 in
858 2785 953 2866 dumis
965 2787 1037 2854 olus,
1049 2787 1171 2864 albaqoe
1180 2787 1289 2847 circum

524 2889 609 2959 Lilia,
621 2889 812 2964 verbenasque
823 2904 966 2964 premens,
978 2886 1150 2966 vesmmqne
1161 2908 1292 2967 papaver,

525 2992 640 3068 Regum
652 2991 783 3068 mquabat
795 3007 862 3068 oper
877 2987 980 3047 animia
985 3013 995 3060 ;
1017 2988 1133 3067 seraqoe
1145 3004 1289 3051 revertens

524 3093 621 3154 Noae
630 3094 749 3152 domum
761 3091 881 3169 dapibus
893 3090 1003 3149 mensas
1015 3094 1153 3151 onerabat
1163 3093 1289 3153 inemtir.

525 3195 636 3257 Primus
644 3213 710 3253 vere
720 3193 821 3262 rofam,
832 3204 919 3269 atque
929 3193 1084 3252 auitumno
1094 3212 1210 3273 mrpere
1217 3216 1317 3273 pnma3

526 3300 573 3371 Et,
593 3316 683 3375 quum
697 3295 782 3355 tristia
794 3294 887 3353 hierna
899 3294 1060 3353 etiamnum
1072 3294 1178 3374 frigore
1191 3296 1258 3357 saxa

525 3401 691 3478 Rumperet,
711 3408 741 3457 et
754 3396 859 3475 glacies
872 3394 968 3454 cursus
982 3396 1107 3455 frenaret
1119 3416 1266 3476 aquarum,

524 3503 580 3562 Ille
592 3520 704 3561 comam
716 3499 810 3558 mollia
819 3497 881 3576 jam
894 3498 1031 3557 tondebat
1044 3498 1202 3575 hyacinthi,

526 3605 668 3665 AEtiatem
680 3601 852 3679 increpitans
864 3599 955 3658 feram
967 3600 1159 3677 rephyroeque
1171 3604 1317 3665 morantia

525 3708 603 3785 Ergo
615 3706 715 3785 apibus
728 3704 794 3762 {etia
806 3702 895 3770 idem,
912 3710 999 3777 atque
1011 3702 1145 3762 examine
1157 3706 1259 3779 multo,

524 3810 635 3871 Primus
648 3808 800 3876 abundare,
821 3815 851 3864 et
862 3804 1022 3882 spumantia
1033 3824 1135 3883 eogere
1146 3808 1240 3886 preffia

525 3913 618 3972 Mella
630 3902 715 3971 sivit:
736 3909 780 3968 illi
793 3908 872 3979 tiliae,
893 3915 980 3983 atque
991 3910 1134 3969 uberrima
1146 3912 1247 3988 pinus:

526 4015 666 4092 Quotque
677 4012 709 4071 in
721 4013 791 4070 flore
804 4029 879 4070 novo
891 4010 983 4087 pomis
995 4012 1024 4070 se
1036 4013 1139 4073 fertilia
1151 4017 1234 4074 arboe

525 4119 671 4186 Induerat,
690 4116 811 4174 totidem
823 4114 978 4173 auflumno
989 4126 1101 4175 matura
1112 4120 1236 4177 tenebat

525 4221 579 4280 Ille
592 4220 680 4278 etiam
691 4218 764 4277 seraa
776 4218 808 4276 in
820 4217 933 4276 versum
945 4218 1055 4277 distulit
1067 4220 1170 4291 ulmos,

525 4325 707 4399 Edummque
719 4321 825 4399 pirum,
844 4330 875 4378 et
889 4320 982 4398 spinos
991 4319 1052 4399 jam
1064 4340 1156 4401 pruna
1169 4323 1297 4397 ferentin,

524 4428 647 4507 Jamque
654 4425 860 4484 ministrantem
866 4425 1014 4501 platanum
1022 4425 1186 4502 potantibus
1193 4429 1316 4489 umbrae

523 4533 635 4592 Verum
647 4529 708 4588 haec
721 4526 779 4606 ipse
791 4527 937 4605 equidem·
949 4527 1045 4605 spatiis
1056 4529 1187 4588 exclusus
1199 4530 1316 4609 iniquia,

525 4635 672 4703 Praetereo,
685 4642 772 4709 atque
781 4631 844 4690 aliia
855 4632 916 4709 post
926 4649 973 4689 me
982 4633 1165 4691 memoranda
1176 4635 1315 4714 relinquo.

562 4738 726 4816 Nuncage,
744 4744 859 4796 naturae
870 4734 1052 4814 apibusqun
1062 4734 1195 4816 anpiter
1205 4738 1267 4819 ipse
1305 4789 1307 4793 .
