3492 6884
469 1757 565 1867 '70
754 1795 1085 1867 oroncrcou,
1211 1808 1320 1871 em.

487 1913 495 1930 ἱ
523 1949 624 2007 Altera
638 1948 790 2008 fmmentis
802 1952 941 2027 quoniam
953 1954 1042 2023 favet,
1062 1954 1152 2012 altera
1165 1955 1294 2026 Bacch05

521 2051 618 2111 Densa
632 2052 723 2130 magis
737 2055 845 2124 Cereri,
864 2055 1002 2113 rariffirna
1014 2075 1135 2133 queque
1149 2059 1236 2133 Lyaeo
1244 2082 1255 2129 5

520 2156 601 2213 Ante
615 2155 711 2215 locum
725 2158 820 2233 copies
833 2159 936 2229 oculis,
956 2160 1071 2235 alteque
1079 2157 1194 2236 jubebis

520 2257 556 2314 In
570 2258 659 2316 solido
671 2271 792 2336 puteum
803 2261 928 2328 demitti,
948 2281 1123 2338 omnemque
1136 2281 1256 2339 repones

519 2362 626 2419 Rursus
641 2362 773 2435 humum,
794 2366 957 2442 etpedibus
974 2365 1098 2422 summas
1115 2365 1241 2441 aequabis
1259 2384 1321 2424 are·
1386 2449 1390 2457 Ι

600 2484 659 2523 uas.

523 2565 553 2624 si
566 2567 697 2635 deemnt,
718 2587 822 2638 rarum,
841 2570 995 2646 pecorique
1008 2580 1038 2627 et
1050 2570 1158 2629 vitibus
1170 2571 1253 2629 almis

521 2670 638 2746 Aptius,
658 2674 730 2740 uber
741 2671 811 2729 erit:
834 2673 875 2729 tin
890 2673 919 2730 in
934 2673 983 2730 sua
996 2673 1072 2752 posse
1086 2676 1235 2750 negabunt

521 2772 569 2829 Ire
581 2772 652 2842 loca,
673 2783 703 2830 et
716 2774 861 2832 scrobibus
875 2775 1016 2852 superabit
1031 2785 1105 2833 terra
1119 2776 1244 2854 repletis,

523 2874 628 2951 Spissus
641 2894 723 2952 ager3
746 2877 844 2952 glebas
856 2879 1015 2936 cundantis
1028 2878 1172 2955 crassaque
1184 2890 1265 2957 terga
1308 2865 1314 2876 ’

522 2976 672 3053 Exspesla,
693 2989 723 3035 et
734 2979 834 3036 validis
849 2990 954 3038 terram
965 2980 1113 3056 proscinde
1121 2980 1262 3058 juvencis.

563 3079 639 3137 Salsa
652 3092 749 3138 autem
764 3082 856 3152 tellus,
877 3094 907 3140 et
920 3103 984 3159 quae
996 3082 1163 3159 perhibetur
1175 3103 1280 3155 amara,

527 3182 669 3260 Frugibus
681 3183 793 3254 infelix,
810 3188 855 3262 (ea
870 3205 923 3243 nec
936 3185 1105 3244 mansuescit
1118 3188 1233 3256 arando,

523 3285 590 3344 Nec
604 3287 716 3345 Baccho
729 3307 828 3365 genus,
849 3299 899 3347 aut
912 3289 1004 3366 pomis
1016 3289 1064 3347 sua
1078 3289 1194 3348 nomina
1208 3289 1312 3372 serrat)

523 3390 596 3448 Tale
610 3391 693 3448 dabit
705 3390 861 3468 specimen:
885 3403 917 3450 tu
930 3392 1012 3469 spisso
1025 3393 1133 3450 vimine
1146 3393 1253 3469 qualos,

524 3492 654 3569 Colaque
667 3496 827 3571 prelorum,
842 3496 959 3553 fumofis
972 3496 1069 3572 deripe
1083 3496 1180 3565 testis,

525 3596 596 3653 Huc
609 3616 677 3674 ager
688 3598 737 3656 ille
750 3600 850 3670 malus,
872 3599 1023 3674 dulcesque
1036 3617 1052 3655 a
1065 3599 1194 3656 fontibus
1207 3600 1303 3670 undae,

409 3773 415 3784 1
525 3699 576 3757 Ad
591 3700 710 3775 plenum
722 3702 882 3758 calcentur:
904 3721 977 3776 aqua
990 3701 1161 3757 eludiabitur
1172 3701 1267 3758 omnis

528 3801 654 3872 Scilicet,
675 3812 704 3858 et
718 3803 837 3877 grandes
850 3803 935 3860 ibunt
946 3822 996 3879 per
1008 3800 1115 3859 vimina
1129 3812 1233 3878 guttis,
1314 3818 1321 3833 ·

526 3904 570 3961 At
583 3903 664 3980 sapor
676 3903 817 3961 indicium
830 3904 926 3972 faciet,
946 3904 1110 3961 manifestus
1124 3914 1154 3961 et
1167 3924 1217 3962 oro

529 4004 633 4062 Tristia
647 4014 810 4063 tentantum
824 4006 905 4063 sensu
920 4006 1063 4082 torquebit
1075 4025 1195 4065 amaror.

565 4106 681 4181 Pinguis
693 4107 765 4164 item
778 4128 842 4183 quae
854 4108 889 4165 fit
903 4109 996 4179 tellus,
1017 4109 1072 4166 hoc
1085 4111 1209 4186 denique
1222 4112 1306 4188 padio

525 4207 684 4266 Discimusz
707 4208 783 4267 haud
796 4229 934 4286 umquam
948 4212 1080 4269 manibus
1088 4212 1192 4288 jallatn
1206 4213 1323 4285 fatiscit,

527 4312 582 4368 Sed
594 4311 667 4387 picis
679 4312 711 4368 in
724 4331 834 4369 rnorem
847 4314 883 4371 ad
896 4315 1001 4391 digitos
1019 4314 1149 4373 lentescit
1162 4316 1303 4376 habendo.

526 4414 657 4474 Humida
670 4413 788 4490 majores
801 4417 903 4475 herbas
915 4418 976 4485 alit,
995 4417 1111 4493 ipsaque
1120 4418 1195 4494 justo

526 4518 648 4575 Laetior:
671 4518 707 4575 ah
722 4519 845 4577 nimium
858 4539 896 4577 ne
910 4522 943 4578 sit
956 4521 1028 4578 mihi
1042 4521 1145 4578 sertilis
1158 4522 1217 4590 illa,

527 4621 596 4678 Neu
610 4620 638 4678 se
651 4622 833 4697 praeralidam
846 4623 945 4700 primis
957 4624 1084 4683 ostendat
1097 4625 1200 4683 arillisl

527 4723 605 4783 Quae
616 4724 711 4803 gravis
722 4726 771 4798 est,
791 4726 852 4805 ipso
865 4727 983 4787 tacitam
995 4727 1025 4786 se
1037 4730 1163 4807 pondere
1177 4728 1272 4809 prodit
1276 4753 1287 4802 ς
