<?xml version="1.0" encoding="UTF-8"?>
<!DOCTYPE html PUBLIC "-//W3C//DTD XHTML 1.0 Transitional//EN"
    "http://www.w3.org/TR/xhtml1/DTD/xhtml1-transitional.dtd">
<html xmlns="http://www.w3.org/1999/xhtml" xml:lang="en" lang="en">
 <head>
  <title>
</title>
<meta http-equiv="Content-Type" content="text/html;charset=utf-8" />
  <meta name='ocr-system' content='tesseract 3.04.00' />
  <meta name='ocr-capabilities' content='ocr_page ocr_carea ocr_par ocr_line ocrx_word'/>
</head>
<body>
  <div class='ocr_page' id='page_1' title='image "./pvirgiliimaroni00wakegoog/pvirgiliimaroni00wakegoog_0037.png"; bbox 0 0 3492 6884; ppageno 0'>
   <div class='ocr_carea' id='block_1_1' title="bbox 495 1783 1288 1856">
    <p class='ocr_par' dir='ltr' id='par_1_1' title="bbox 495 1783 1288 1856">
     <span class='ocr_line' id='line_1_1' title="bbox 495 1783 1288 1856; baseline 0.003 -15"><span class='ocrx_word' id='word_1_1' title='bbox 495 1791 586 1841; x_wconf 61' lang='lat' dir='ltr'>uso.</span> <span class='ocrx_word' id='word_1_2' title='bbox 740 1783 965 1843; x_wconf 81' lang='lat' dir='ltr'><strong>ECLOGA</strong></span> <span class='ocrx_word' id='word_1_3' title='bbox 1002 1784 1070 1843; x_wconf 86' lang='lat' dir='ltr'>vn.</span> <span class='ocrx_word' id='word_1_4' title='bbox 1250 1790 1288 1856; x_wconf 80' lang='lat'>27</span> 
     </span>
    </p>
   </div>
   <div class='ocr_carea' id='block_1_2' title="bbox 495 1936 1268 2420">
    <p class='ocr_par' dir='ltr' id='par_1_2' title="bbox 495 1936 1127 2017">
     <span class='ocr_line' id='line_1_2' title="bbox 495 1936 1127 2017; baseline 0.003 -25"><span class='ocrx_word' id='word_1_5' title='bbox 495 1937 619 2013; x_wconf 87' lang='lat' dir='ltr'>Semper,</span> <span class='ocrx_word' id='word_1_6' title='bbox 638 1945 668 1994; x_wconf 82' lang='lat' dir='ltr'>et</span> <span class='ocrx_word' id='word_1_7' title='bbox 681 1938 795 1995; x_wconf 74' lang='lat' dir='ltr'>adsidui</span> <span class='ocrx_word' id='word_1_8' title='bbox 806 1940 896 2015; x_wconf 87' lang='lat' dir='ltr'>postes</span> <span class='ocrx_word' id='word_1_9' title='bbox 907 1939 1029 2017; x_wconf 82' lang='lat' dir='ltr'>fuligine</span> <span class='ocrx_word' id='word_1_10' title='bbox 1042 1936 1127 2014; x_wconf 79' lang='lat' dir='ltr'>nigri.</span> 
     </span>
    </p>

    <p class='ocr_par' dir='ltr' id='par_1_3' title="bbox 495 2038 1212 2117">
     <span class='ocr_line' id='line_1_3' title="bbox 495 2038 1212 2117; baseline 0.001 -22"><span class='ocrx_word' id='word_1_11' title='bbox 495 2038 554 2095; x_wconf 91' lang='lat' dir='ltr'>Hic</span> <span class='ocrx_word' id='word_1_12' title='bbox 568 2048 682 2097; x_wconf 81' lang='lat' dir='ltr'>tanturn</span> <span class='ocrx_word' id='word_1_13' title='bbox 693 2041 790 2097; x_wconf 85' lang='lat' dir='ltr'>Boreae</span> <span class='ocrx_word' id='word_1_14' title='bbox 802 2060 932 2100; x_wconf 85' lang='lat' dir='ltr'>curamus</span> <span class='ocrx_word' id='word_1_15' title='bbox 945 2042 1061 2117; x_wconf 82' lang='lat' dir='ltr'>frigora,</span> <span class='ocrx_word' id='word_1_16' title='bbox 1071 2047 1212 2115; x_wconf 86' lang='lat' dir='ltr'>quantum</span> 
     </span>
    </p>

    <p class='ocr_par' dir='ltr' id='par_1_4' title="bbox 495 2137 1268 2301">
     <span class='ocr_line' id='line_1_4' title="bbox 495 2137 1268 2218; baseline -0.001 -21"><span class='ocrx_word' id='word_1_17' title='bbox 495 2140 558 2198; x_wconf 78' lang='lat' dir='ltr'>Aut</span> <span class='ocrx_word' id='word_1_18' title='bbox 570 2159 722 2199; x_wconf 82' lang='lat' dir='ltr'>numerum</span> <span class='ocrx_word' id='word_1_19' title='bbox 734 2142 826 2218; x_wconf 92' lang='lat' dir='ltr'>lupus,</span> <span class='ocrx_word' id='word_1_20' title='bbox 846 2151 896 2199; x_wconf 83' lang='lat' dir='ltr'>aut</span> <span class='ocrx_word' id='word_1_21' title='bbox 908 2143 1042 2199; x_wconf 84' lang='lat' dir='ltr'><strong>torrentia</strong></span> <span class='ocrx_word' id='word_1_22' title='bbox 1055 2138 1174 2199; x_wconf 84' lang='lat' dir='ltr'>flumina</span> <span class='ocrx_word' id='word_1_23' title='bbox 1185 2137 1268 2216; x_wconf 80' lang='lat' dir='ltr'>ripas.</span> 
     </span>
     <span class='ocr_line' id='line_1_5' title="bbox 821 2262 980 2301; baseline -0.013 0"><span class='ocrx_word' id='word_1_24' title='bbox 821 2262 980 2301; x_wconf 76' lang='lat' dir='ltr'>cosrnoir.</span> 
     </span>
    </p>

    <p class='ocr_par' dir='ltr' id='par_1_5' title="bbox 496 2342 1101 2420">
     <span class='ocr_line' id='line_1_6' title="bbox 496 2342 1101 2420; baseline -0.002 -20"><span class='ocrx_word' id='word_1_25' title='bbox 496 2343 578 2401; x_wconf 79' lang='lat' dir='ltr'>Stant</span> <span class='ocrx_word' id='word_1_26' title='bbox 590 2352 619 2401; x_wconf 86' lang='lat' dir='ltr'>et</span> <span class='ocrx_word' id='word_1_27' title='bbox 627 2342 762 2420; x_wconf 86' lang='lat' dir='ltr'>juniperi,</span> <span class='ocrx_word' id='word_1_28' title='bbox 782 2353 812 2401; x_wconf 87' lang='lat' dir='ltr'>et</span> <span class='ocrx_word' id='word_1_29' title='bbox 825 2345 959 2402; x_wconf 83' lang='lat' dir='ltr'>castaneae</span> <span class='ocrx_word' id='word_1_30' title='bbox 972 2344 1101 2412; x_wconf 73' lang='lat' dir='ltr'>hirsulae3</span> 
     </span>
    </p>
   </div>
   <div class='ocr_carea' id='block_1_3' title="bbox 496 2444 1390 2522">
    <p class='ocr_par' dir='ltr' id='par_1_6' title="bbox 496 2444 1390 2522">
     <span class='ocr_line' id='line_1_7' title="bbox 496 2444 1390 2522; baseline 0.003 -19"><span class='ocrx_word' id='word_1_31' title='bbox 496 2446 588 2503; x_wconf 85' lang='lat' dir='ltr'>Strata</span> <span class='ocrx_word' id='word_1_32' title='bbox 596 2444 694 2522; x_wconf 88' lang='lat' dir='ltr'>jaoent</span> <span class='ocrx_word' id='word_1_33' title='bbox 706 2446 805 2522; x_wconf 78' lang='lat' dir='ltr'>passim</span> <span class='ocrx_word' id='word_1_34' title='bbox 819 2448 867 2505; x_wconf 85' lang='lat' dir='ltr'>sua</span> <span class='ocrx_word' id='word_1_35' title='bbox 881 2447 993 2521; x_wconf 68' lang='lat' dir='ltr'>quique</span> <span class='ocrx_word' id='word_1_36' title='bbox 1006 2446 1057 2503; x_wconf 91' lang='lat' dir='ltr'>sub</span> <span class='ocrx_word' id='word_1_37' title='bbox 1068 2447 1165 2502; x_wconf 86' lang='lat' dir='ltr'>arbore</span> <span class='ocrx_word' id='word_1_38' title='bbox 1177 2462 1276 2520; x_wconf 64' lang='lat' dir='ltr'>poma,</span> <span class='ocrx_word' id='word_1_39' title='bbox 1387 2464 1390 2469; x_wconf 85' lang='lat'>·</span> 
     </span>
    </p>
   </div>
   <div class='ocr_carea' id='block_1_4' title="bbox 495 2548 1253 4328">
    <p class='ocr_par' dir='ltr' id='par_1_7' title="bbox 495 2548 1176 2619">
     <span class='ocr_line' id='line_1_8' title="bbox 495 2548 1176 2619; baseline 0 -14"><span class='ocrx_word' id='word_1_40' title='bbox 495 2548 605 2606; x_wconf 87' lang='lat' dir='ltr'>Omnia</span> <span class='ocrx_word' id='word_1_41' title='bbox 618 2550 812 2607; x_wconf 88' lang='lat' dir='ltr'>nuncrident:</span> <span class='ocrx_word' id='word_1_42' title='bbox 835 2559 873 2619; x_wconf 86' lang='lat' dir='ltr'>at,</span> <span class='ocrx_word' id='word_1_43' title='bbox 895 2549 915 2606; x_wconf 83' lang='lat' dir='ltr'>fi</span> <span class='ocrx_word' id='word_1_44' title='bbox 927 2549 1064 2607; x_wconf 84' lang='lat' dir='ltr'>formosus</span> <span class='ocrx_word' id='word_1_45' title='bbox 1074 2548 1176 2606; x_wconf 76' lang='lat' dir='ltr'>Alexis</span> 
     </span>
    </p>

    <p class='ocr_par' dir='ltr' id='par_1_8' title="bbox 496 2650 1193 2811">
     <span class='ocr_line' id='line_1_9' title="bbox 496 2650 1193 2721; baseline -0.009 -9"><span class='ocrx_word' id='word_1_46' title='bbox 496 2650 647 2712; x_wconf 85' lang='lat' dir='ltr'>Montibus</span> <span class='ocrx_word' id='word_1_47' title='bbox 661 2651 706 2709; x_wconf 86' lang='lat' dir='ltr'>his</span> <span class='ocrx_word' id='word_1_48' title='bbox 717 2654 808 2721; x_wconf 65' lang='lat' dir='ltr'>about,</span> <span class='ocrx_word' id='word_1_49' title='bbox 828 2652 924 2709; x_wconf 85' lang='lat' dir='ltr'>videas</span> <span class='ocrx_word' id='word_1_50' title='bbox 937 2662 967 2708; x_wconf 84' lang='lat' dir='ltr'>et</span> <span class='ocrx_word' id='word_1_51' title='bbox 979 2650 1099 2709; x_wconf 90' lang='lat' dir='ltr'>flumina</span> <span class='ocrx_word' id='word_1_52' title='bbox 1113 2650 1193 2708; x_wconf 77' lang='lat' dir='ltr'>licea.</span> 
     </span>
     <span class='ocr_line' id='line_1_10' title="bbox 819 2772 962 2811; baseline 0 0"><span class='ocrx_word' id='word_1_53' title='bbox 819 2772 962 2811; x_wconf 72' lang='lat' dir='ltr'>rursus.</span> 
     </span>
    </p>

    <p class='ocr_par' dir='ltr' id='par_1_9' title="bbox 497 2853 1163 2929">
     <span class='ocr_line' id='line_1_11' title="bbox 497 2853 1163 2929; baseline 0 -19"><span class='ocrx_word' id='word_1_54' title='bbox 497 2855 570 2910; x_wconf 84' lang='lat' dir='ltr'>Aret</span> <span class='ocrx_word' id='word_1_55' title='bbox 583 2872 663 2929; x_wconf 78' lang='lat' dir='ltr'>ager3</span> <span class='ocrx_word' id='word_1_56' title='bbox 685 2853 757 2912; x_wconf 88' lang='lat' dir='ltr'>vitio</span> <span class='ocrx_word' id='word_1_57' title='bbox 769 2854 893 2912; x_wconf 83' lang='lat' dir='ltr'>moriens</span> <span class='ocrx_word' id='word_1_58' title='bbox 907 2853 964 2911; x_wconf 82' lang='lat' dir='ltr'>srtit</span> <span class='ocrx_word' id='word_1_59' title='bbox 976 2854 1047 2911; x_wconf 68' lang='lat' dir='ltr'>airis</span> <span class='ocrx_word' id='word_1_60' title='bbox 1060 2854 1163 2923; x_wconf 82' lang='lat' dir='ltr'>herba;</span> 
     </span>
    </p>

    <p class='ocr_par' dir='ltr' id='par_1_10' title="bbox 496 2955 1150 3031">
     <span class='ocr_line' id='line_1_12' title="bbox 496 2955 1150 3031; baseline -0.005 -19"><span class='ocrx_word' id='word_1_61' title='bbox 496 2955 582 3012; x_wconf 80' lang='lat' dir='ltr'>Liber</span> <span class='ocrx_word' id='word_1_62' title='bbox 595 2956 758 3031; x_wconf 82' lang='lat' dir='ltr'>pampineas</span> <span class='ocrx_word' id='word_1_63' title='bbox 771 2956 876 3013; x_wconf 81' lang='lat' dir='ltr'>invidit</span> <span class='ocrx_word' id='word_1_64' title='bbox 889 2956 1008 3013; x_wconf 89' lang='lat' dir='ltr'>collibus</span> <span class='ocrx_word' id='word_1_65' title='bbox 1021 2958 1150 3014; x_wconf 83' lang='lat' dir='ltr'>umbras:</span> 
     </span>
    </p>

    <p class='ocr_par' dir='ltr' id='par_1_11' title="bbox 497 3054 1220 3132">
     <span class='ocr_line' id='line_1_13' title="bbox 497 3054 1220 3132; baseline -0.003 -18"><span class='ocrx_word' id='word_1_66' title='bbox 497 3056 635 3132; x_wconf 81' lang='lat' dir='ltr'>Phyllidis</span> <span class='ocrx_word' id='word_1_67' title='bbox 648 3058 772 3114; x_wconf 81' lang='lat' dir='ltr'>adventu</span> <span class='ocrx_word' id='word_1_68' title='bbox 785 3057 884 3114; x_wconf 84' lang='lat' dir='ltr'>nostrae</span> <span class='ocrx_word' id='word_1_69' title='bbox 898 3077 997 3115; x_wconf 85' lang='lat' dir='ltr'>nemus</span> <span class='ocrx_word' id='word_1_70' title='bbox 1009 3074 1095 3115; x_wconf 82' lang='lat' dir='ltr'>omne</span> <span class='ocrx_word' id='word_1_71' title='bbox 1106 3054 1220 3124; x_wconf 83' lang='lat' dir='ltr'>virebit,</span> 
     </span>
    </p>

    <p class='ocr_par' dir='ltr' id='par_1_12' title="bbox 496 3156 1175 3236">
     <span class='ocr_line' id='line_1_14' title="bbox 496 3156 1175 3236; baseline 0.001 -23"><span class='ocrx_word' id='word_1_72' title='bbox 496 3156 628 3236; x_wconf 86' lang='lat' dir='ltr'>Juppiter</span> <span class='ocrx_word' id='word_1_73' title='bbox 640 3169 669 3214; x_wconf 89' lang='lat' dir='ltr'>et</span> <span class='ocrx_word' id='word_1_74' title='bbox 683 3159 749 3215; x_wconf 83' lang='lat' dir='ltr'>laeto</span> <span class='ocrx_word' id='word_1_75' title='bbox 761 3158 914 3216; x_wconf 80' lang='lat' dir='ltr'>descendet</span> <span class='ocrx_word' id='word_1_76' title='bbox 925 3158 1065 3234; x_wconf 86' lang='lat' dir='ltr'>plurimus</span> <span class='ocrx_word' id='word_1_77' title='bbox 1078 3157 1175 3215; x_wconf 89' lang='lat' dir='ltr'>imbri.</span> 
     </span>
    </p>

    <p class='ocr_par' dir='ltr' id='par_1_13' title="bbox 496 3239 981 3316">
     <span class='ocr_line' id='line_1_15' title="bbox 496 3239 981 3316; baseline 0.008 -4"><span class='ocrx_word' id='word_1_78' title='bbox 496 3239 499 3244; x_wconf 47' lang='grc'><em>’</em></span> <span class='ocrx_word' id='word_1_79' title='bbox 822 3276 981 3316; x_wconf 67' lang='lat' dir='ltr'>coisnon.</span> 
     </span>
    </p>

    <p class='ocr_par' dir='ltr' id='par_1_14' title="bbox 497 3358 1253 3741">
     <span class='ocr_line' id='line_1_16' title="bbox 537 3358 1170 3434; baseline 0.003 -20"><span class='ocrx_word' id='word_1_80' title='bbox 537 3359 659 3433; x_wconf 90' lang='lat' dir='ltr'>Populus</span> <span class='ocrx_word' id='word_1_81' title='bbox 672 3358 782 3416; x_wconf 81' lang='lat' dir='ltr'>Alcidae</span> <span class='ocrx_word' id='word_1_82' title='bbox 796 3359 957 3434; x_wconf 83' lang='lat' dir='ltr'>gratiffima,</span> <span class='ocrx_word' id='word_1_83' title='bbox 978 3358 1043 3416; x_wconf 88' lang='lat' dir='ltr'>vitis</span> <span class='ocrx_word' id='word_1_84' title='bbox 1055 3360 1170 3430; x_wconf 86' lang='lat' dir='ltr'>Iaccho,</span> 
     </span>
     <span class='ocr_line' id='line_1_17' title="bbox 498 3459 1201 3534; baseline -0.003 -16"><span class='ocrx_word' id='word_1_85' title='bbox 498 3459 638 3518; x_wconf 87' lang='lat' dir='ltr'>Formosae</span> <span class='ocrx_word' id='word_1_86' title='bbox 651 3469 761 3534; x_wconf 85' lang='lat' dir='ltr'>myrtus</span> <span class='ocrx_word' id='word_1_87' title='bbox 775 3459 891 3526; x_wconf 82' lang='lat' dir='ltr'>Veneri,</span> <span class='ocrx_word' id='word_1_88' title='bbox 910 3459 959 3516; x_wconf 89' lang='lat' dir='ltr'>sua</span> <span class='ocrx_word' id='word_1_89' title='bbox 972 3460 1067 3516; x_wconf 82' lang='lat' dir='ltr'>laurea</span> <span class='ocrx_word' id='word_1_90' title='bbox 1080 3459 1201 3528; x_wconf 89' lang='lat' dir='ltr'><strong>Phoebo;</strong></span> 
     </span>
     <span class='ocr_line' id='line_1_18' title="bbox 497 3558 1253 3636; baseline -0.003 -17"><span class='ocrx_word' id='word_1_91' title='bbox 497 3560 604 3636; x_wconf 87' lang='lat' dir='ltr'>Phyllis</span> <span class='ocrx_word' id='word_1_92' title='bbox 619 3570 697 3617; x_wconf 86' lang='lat' dir='ltr'><strong>amat</strong></span> <span class='ocrx_word' id='word_1_93' title='bbox 706 3558 834 3617; x_wconf 88' lang='lat' dir='ltr'>corulos:</span> <span class='ocrx_word' id='word_1_94' title='bbox 857 3558 920 3616; x_wconf 85' lang='lat' dir='ltr'>illas</span> <span class='ocrx_word' id='word_1_95' title='bbox 933 3560 1003 3616; x_wconf 90' lang='lat' dir='ltr'>dum</span> <span class='ocrx_word' id='word_1_96' title='bbox 1015 3559 1123 3634; x_wconf 85' lang='lat' dir='ltr'>Phyllis</span> <span class='ocrx_word' id='word_1_97' title='bbox 1136 3559 1253 3628; x_wconf 85' lang='lat' dir='ltr'>amabit,</span> 
     </span>
     <span class='ocr_line' id='line_1_19' title="bbox 498 3660 1215 3741; baseline -0.003 -21"><span class='ocrx_word' id='word_1_98' title='bbox 498 3663 563 3726; x_wconf 85' lang='lat' dir='ltr'>Nec</span> <span class='ocrx_word' id='word_1_99' title='bbox 572 3672 683 3741; x_wconf 82' lang='lat' dir='ltr'>myrtus</span> <span class='ocrx_word' id='word_1_100' title='bbox 696 3662 791 3719; x_wconf 86' lang='lat' dir='ltr'>vincet</span> <span class='ocrx_word' id='word_1_101' title='bbox 802 3660 922 3730; x_wconf 88' lang='lat' dir='ltr'>corulos,</span> <span class='ocrx_word' id='word_1_102' title='bbox 935 3678 989 3718; x_wconf 88' lang='lat' dir='ltr'>nec</span> <span class='ocrx_word' id='word_1_103' title='bbox 1001 3660 1096 3718; x_wconf 83' lang='lat' dir='ltr'>laurea</span> <span class='ocrx_word' id='word_1_104' title='bbox 1107 3660 1215 3718; x_wconf 88' lang='lat' dir='ltr'>Phoebi.</span> 
     </span>
    </p>

    <p class='ocr_par' dir='ltr' id='par_1_15' title="bbox 497 3780 1235 4328">
     <span class='ocr_line' id='line_1_20' title="bbox 826 3780 967 3822; baseline 0.014 -3"><span class='ocrx_word' id='word_1_105' title='bbox 826 3780 967 3822; x_wconf 76' lang='lat' dir='ltr'>surnsrs.</span> 
     </span>
     <span class='ocr_line' id='line_1_21' title="bbox 498 3860 1235 3940; baseline -0.004 -16"><span class='ocrx_word' id='word_1_106' title='bbox 498 3865 635 3925; x_wconf 80' lang='lat' dir='ltr'>Fraxinus</span> <span class='ocrx_word' id='word_1_107' title='bbox 646 3865 678 3922; x_wconf 89' lang='lat' dir='ltr'>in</span> <span class='ocrx_word' id='word_1_108' title='bbox 692 3863 765 3922; x_wconf 79' lang='lat' dir='ltr'>silvis</span> <span class='ocrx_word' id='word_1_109' title='bbox 777 3862 976 3940; x_wconf 75' lang='lat' dir='ltr'>pulcherrima,</span> <span class='ocrx_word' id='word_1_110' title='bbox 996 3861 1080 3939; x_wconf 90' lang='lat' dir='ltr'>pinus</span> <span class='ocrx_word' id='word_1_111' title='bbox 1093 3861 1124 3920; x_wconf 91' lang='lat' dir='ltr'>in</span> <span class='ocrx_word' id='word_1_112' title='bbox 1137 3860 1235 3933; x_wconf 84' lang='lat' dir='ltr'>hortis,</span> 
     </span>
     <span class='ocr_line' id='line_1_22' title="bbox 497 3963 1172 4045; baseline -0.009 -18"><span class='ocrx_word' id='word_1_113' title='bbox 497 3968 621 4045; x_wconf 84' lang='lat' dir='ltr'>Populus</span> <span class='ocrx_word' id='word_1_114' title='bbox 633 3967 665 4024; x_wconf 88' lang='lat' dir='ltr'>in</span> <span class='ocrx_word' id='word_1_115' title='bbox 677 3966 781 4035; x_wconf 88' lang='lat' dir='ltr'>fluviis,</span> <span class='ocrx_word' id='word_1_116' title='bbox 801 3964 879 4022; x_wconf 83' lang='lat' dir='ltr'>abies</span> <span class='ocrx_word' id='word_1_117' title='bbox 892 3963 923 4021; x_wconf 91' lang='lat' dir='ltr'>in</span> <span class='ocrx_word' id='word_1_118' title='bbox 937 3964 1081 4022; x_wconf 83' lang='lat' dir='ltr'>montibus</span> <span class='ocrx_word' id='word_1_119' title='bbox 1093 3964 1172 4022; x_wconf 81' lang='lat' dir='ltr'>altis:</span> 
     </span>
     <span class='ocr_line' id='line_1_23' title="bbox 498 4066 1157 4149; baseline -0.003 -21"><span class='ocrx_word' id='word_1_120' title='bbox 498 4072 607 4149; x_wconf 55' lang='lat' dir='ltr'>saepius</span> <span class='ocrx_word' id='word_1_121' title='bbox 620 4078 650 4127; x_wconf 83' lang='lat' dir='ltr'>at</span> <span class='ocrx_word' id='word_1_122' title='bbox 663 4070 683 4127; x_wconf 87' lang='lat' dir='ltr'>fi</span> <span class='ocrx_word' id='word_1_123' title='bbox 697 4088 754 4137; x_wconf 84' lang='lat' dir='ltr'>me,</span> <span class='ocrx_word' id='word_1_124' title='bbox 773 4068 882 4143; x_wconf 85' lang='lat' dir='ltr'>Lycida</span> <span class='ocrx_word' id='word_1_125' title='bbox 896 4066 1026 4136; x_wconf 78' lang='lat' dir='ltr'>formose,</span> <span class='ocrx_word' id='word_1_126' title='bbox 1046 4067 1157 4138; x_wconf 78' lang='lat' dir='ltr'>revisas,</span> 
     </span>
     <span class='ocr_line' id='line_1_24' title="bbox 499 4168 1190 4246; baseline -0.004 -15"><span class='ocrx_word' id='word_1_127' title='bbox 499 4175 636 4240; x_wconf 80' lang='lat' dir='ltr'>Fraxinus</span> <span class='ocrx_word' id='word_1_128' title='bbox 649 4172 681 4229; x_wconf 91' lang='lat' dir='ltr'>in</span> <span class='ocrx_word' id='word_1_129' title='bbox 693 4168 767 4228; x_wconf 87' lang='lat' dir='ltr'>filvis</span> <span class='ocrx_word' id='word_1_130' title='bbox 780 4170 863 4227; x_wconf 75' lang='lat' dir='ltr'><strong>cedat</strong></span> <span class='ocrx_word' id='word_1_131' title='bbox 875 4168 940 4239; x_wconf 88' lang='lat' dir='ltr'>tibi,</span> <span class='ocrx_word' id='word_1_132' title='bbox 954 4168 1037 4246; x_wconf 88' lang='lat' dir='ltr'>pinus</span> <span class='ocrx_word' id='word_1_133' title='bbox 1048 4168 1080 4227; x_wconf 89' lang='lat' dir='ltr'>in</span> <span class='ocrx_word' id='word_1_134' title='bbox 1093 4169 1190 4228; x_wconf 88' lang='lat' dir='ltr'>hortis.</span> 
     </span>
     <span class='ocr_line' id='line_1_25' title="bbox 804 4289 982 4328; baseline -0.006 0"><span class='ocrx_word' id='word_1_135' title='bbox 804 4289 982 4328; x_wconf 73' lang='lat' dir='ltr'>sissimus.</span> 
     </span>
    </p>
   </div>
   <div class='ocr_carea' id='block_1_5' title="bbox 498 4371 1293 4554">
    <p class='ocr_par' dir='ltr' id='par_1_16' title="bbox 498 4371 1293 4554">
     <span class='ocr_line' id='line_1_26' title="bbox 498 4371 1293 4453; baseline -0.011 -12"><span class='ocrx_word' id='word_1_136' title='bbox 498 4383 571 4441; x_wconf 85' lang='lat' dir='ltr'>Haec</span> <span class='ocrx_word' id='word_1_137' title='bbox 578 4373 707 4444; x_wconf 86' lang='lat' dir='ltr'>memini,</span> <span class='ocrx_word' id='word_1_138' title='bbox 716 4381 745 4432; x_wconf 82' lang='lat' dir='ltr'>et</span> <span class='ocrx_word' id='word_1_139' title='bbox 754 4372 862 4431; x_wconf 60' lang='lat' dir='ltr'>vinium</span> <span class='ocrx_word' id='word_1_140' title='bbox 874 4372 1153 4433; x_wconf 81' lang='lat' dir='ltr'>frustracontendere</span> <span class='ocrx_word' id='word_1_141' title='bbox 1159 4371 1293 4453; x_wconf 56' lang='lat' dir='ltr'>ThFfin.</span> 
     </span>
     <span class='ocr_line' id='line_1_27' title="bbox 502 4473 1214 4554; baseline -0.01 -14"><span class='ocrx_word' id='word_1_142' title='bbox 502 4484 546 4552; x_wconf 77' lang='lat' dir='ltr'>Ex</span> <span class='ocrx_word' id='word_1_143' title='bbox 559 4481 611 4539; x_wconf 86' lang='lat' dir='ltr'>illo</span> <span class='ocrx_word' id='word_1_144' title='bbox 624 4477 766 4554; x_wconf 89' lang='lat' dir='ltr'>Corydon,</span> <span class='ocrx_word' id='word_1_145' title='bbox 786 4474 921 4551; x_wconf 78' lang='lat' dir='ltr'>Gorydon</span> <span class='ocrx_word' id='word_1_146' title='bbox 933 4474 973 4532; x_wconf 84' lang='lat' dir='ltr'>est</span> <span class='ocrx_word' id='word_1_147' title='bbox 985 4483 1111 4553; x_wconf 81' lang='lat' dir='ltr'>tempore</span> <span class='ocrx_word' id='word_1_148' title='bbox 1124 4473 1214 4533; x_wconf 88' lang='lat' dir='ltr'>nobis.</span> 
     </span>
    </p>
   </div>
   <div class='ocr_carea' id='block_1_6' title="bbox 0 0 1760 6884">
    <p class='ocr_par' dir='ltr' id='par_1_17' title="bbox 0 0 1760 6884">
     <span class='ocr_line' id='line_1_28' title="bbox 0 0 1760 6884; baseline 0 0"><span class='ocrx_word' id='word_1_149' title='bbox 0 0 1760 6884; x_wconf 95' lang='lat' dir='ltr'> </span> 
     </span>
    </p>
   </div>
  </div>
 </body>
</html>
