3492 6884
486 1813 563 1877 r.7.
718 1804 944 1864 ECLOGA
982 1803 1050 1865 VII.
1244 1808 1282 1860 25

488 1956 541 2013 Vir
565 1954 658 2033 gregis
687 1956 746 2032 ipse
774 1977 857 2034 caper
888 1960 1076 2027 deerraverat3
1104 1963 1190 2031 atque
1224 1971 1279 2030 ego

565 2058 703 2133 Daphnin

485 2158 636 2235 Adspicio:
659 2160 717 2228 ille,
731 2161 780 2218 ubi
792 2180 839 2218 me
852 2170 949 2218 contra
962 2161 1054 2231 videt3
1069 2159 1166 2226 Ocius,
1175 2156 1279 2234 inquit,

485 2260 554 2318 Huc
567 2261 641 2329 ades,
662 2281 680 2318 ο
692 2261 840 2319 Meliboee!
862 2281 946 2337 caper
958 2261 1011 2318 tibi
1024 2262 1122 2328 salvus,
1142 2269 1172 2317 et
1184 2258 1276 2317 haedis

486 2361 534 2431 Et,
554 2362 573 2419 sr
588 2364 658 2438 quid
669 2364 771 2420 cessare
783 2376 871 2440 potes,
892 2364 1035 2440 requiesce
1049 2363 1099 2420 sub
1111 2362 1221 2420 umbrd.

487 2464 554 2521 Huc
564 2463 615 2539 ipsi
628 2473 729 2540 potum
742 2465 858 2521 venient
871 2484 923 2541 per
932 2476 1013 2540 prata
1020 2464 1150 2542 juvenci:

486 2565 545 2622 Hic
557 2565 654 2623 viridis
667 2568 764 2623 tenerd
777 2568 907 2642 praetexit
921 2567 1059 2624 arundine
1072 2567 1146 2642 ripas

486 2666 623 2736 Minuitur,
643 2685 716 2741 eque
729 2668 804 2725 sacrd
818 2668 949 2725 resonant
962 2668 1092 2725 examina
1106 2686 1222 2742 quercu.

487 2767 568 2825 Quid
581 2768 721 2826 facerem?
742 2786 833 2844 neque
846 2789 901 2845 ego
914 2769 1065 2845 Alcippen,
1078 2787 1132 2826 nec
1142 2768 1282 2846 Phyllida,

564 2869 714 2939 habebam,

486 2971 625 3047 Depulsos
638 2990 654 3028 a
667 2971 739 3028 lade
752 2971 829 3029 domi
844 2991 908 3048 quae
919 2973 1064 3030 clauderet
1077 2992 1182 3051 agnos3

485 3074 523 3131 Et
531 3082 673 3130 certamen
682 3082 752 3143 erat,
760 3074 894 3149 Corydon
903 3093 970 3132 cum
977 3075 1125 3151 Thyrside,
1134 3094 1280 3153 magnum.

486 3174 635 3237 Posthabui
649 3184 745 3231 tamen
758 3173 871 3232 illorum
884 3195 947 3233 mea
961 3176 1030 3233 seria
1042 3178 1121 3236 ludo.

486 3275 614 3333 Alternis
626 3276 716 3351 igitur
728 3278 900 3333 contendere
914 3280 1036 3335 versibus
1049 3282 1137 3337 ambo

485 3376 621 3451 Coepere:
643 3377 765 3433 alternos
777 3377 869 3434 Musae
882 3380 1040 3436 meminisse
1054 3382 1197 3439 volebant.

485 3478 548 3536 Hos
562 3477 706 3553 Corydon,
726 3476 788 3533 illos
800 3479 939 3535 referebat
952 3480 982 3536 in
996 3480 1095 3537 ordine
1106 3481 1231 3557 Thyrsis.

805 3597 964 3636 coarnou.

485 3679 641 3762 Nymphae,
675 3679 766 3736 noster
797 3698 885 3749 amor,
920 3680 1107 3751 Libethrides,
1127 3692 1177 3739 aut
1209 3682 1280 3740 mihi

563 3800 687 3851 carmen,

486 3883 582 3941 Quale
595 3902 660 3940 meo
673 3883 777 3953 Codro,
797 3883 964 3955 concedite;
985 3885 1115 3961 proxima
1129 3886 1229 3945 Phoebi

484 3984 618 4041 Versibus
630 3983 679 4041 ille
692 3983 777 4054 facit3
800 3994 860 4053 aut,
883 3985 902 4041 fi
916 4004 973 4042 non
986 3987 1128 4061 possumus
1140 4007 1247 4061 omnes,

485 4085 543 4143 Hic
556 4095 656 4161 arguta
668 4084 744 4142 sacra
756 4086 894 4162 pendebit
907 4086 999 4145 fistula
1011 4088 1091 4163 pinu.

816 4182 957 4246 ruinam.
1076 4227 1079 4232 ·
1136 4224 1138 4227 -

486 4290 616 4359 Pastores,
637 4288 720 4346 ederd
733 4289 905 4346 crescentem
917 4287 1149 4366 omate'poetam,

485 4392 620 4460 Arcades,
641 4390 747 4447 invidie
761 4401 928 4465 rumpantur
940 4401 972 4447 ut
985 4391 1033 4448 ilia
1046 4394 1155 4451 Codroe

485 4494 557 4561 Aut,
578 4491 598 4547 fi
611 4492 684 4548 ultra
695 4491 833 4567 placitum
844 4492 974 4561 laudarit,
995 4496 1110 4553 baccare
1123 4496 1247 4557 frontem

485 4592 611 4670 Cingite,
632 4612 668 4651 ne
679 4593 737 4651 vati
751 4602 850 4650 noceat
863 4594 938 4652 mala
949 4593 1048 4672 lingua
1060 4596 1167 4657 futuro.
