3492 6884
425 1027 481 1088 rie
739 1025 902 1086 c1a1s.
953 1011 955 1016 ’
1129 1029 1217 1096 v.74.

422 1186 465 1241 At
478 1191 575 1241 tamen
587 1181 685 1260 exegit
697 1183 785 1259 longo
796 1182 857 1260 post
869 1191 997 1258 tempore
1008 1197 1117 1257 poenar3

422 1286 476 1355 Ut,
495 1304 563 1344 eum
575 1304 643 1344 cura
656 1284 699 1344 sui
712 1285 862 1344 veheretur
874 1283 1004 1362 conjugii
1015 1285 1084 1354 alto,

422 1386 486 1463 lph
498 1396 609 1445 trucem
621 1388 713 1446 multo
726 1387 857 1446 misceret
870 1387 1008 1464 sanguine
1020 1394 1151 1463 pontum.

461 1490 517 1548 Seu
530 1508 607 1558 vero,
619 1499 654 1547 ut
665 1489 827 1567 perhibent,
840 1490 933 1547 sormi
945 1507 1014 1547 cum
1023 1488 1149 1549 vinceret
1157 1506 1220 1546 om·

539 1610 595 1660 ma,

423 1693 462 1752 Et
474 1693 592 1771 cupidos
604 1693 710 1769 quaestu
722 1692 822 1769 paflim
834 1693 983 1770 popularet
995 1703 1137 1764 amantem

423 1794 559 1864 Piscibus,
578 1804 609 1853 et
621 1795 739 1853 canibus
751 1794 865 1865 rabidis,
879 1795 983 1853 vallata
995 1804 1121 1871 repente,

424 1895 584 1954 Horribilee
597 1895 705 1954 circum
717 1895 791 1954 vidit
804 1895 832 1953 se
845 1895 936 1953 fistere
948 1896 1062 1954 formas.

424 1998 494 2057 Heu
506 1998 617 2075 quoties
629 1999 730 2057 mirata
744 2017 831 2057 novos
843 1999 984 2075 expalluit
996 1999 1086 2056 artusl

425 2099 490 2177 Ipsa
504 2099 566 2158 sune
579 2099 690 2177 quoties
703 2100 760 2158 heu
772 2100 1065 2177 pertimuitlatratusl

426 2201 506 2261 Ausa
518 2201 596 2278 quod
607 2203 647 2260 est
659 2202 764 2260 mulier
775 2221 884 2261 numen
896 2203 1026 2260 fraudare
1039 2204 1166 2274 deornm,

426 2305 465 2363 Et
476 2303 582 2363 didam
594 2304 701 2363 Veneri
714 2314 844 2363 votorum
857 2315 984 2363 avertere
995 2306 1133 2381 praedam:

428 2406 536 2476 Quam,
555 2406 631 2466 mula
647 2406 803 2484 multiplici
819 2407 963 2486 juvenum
979 2408 1055 2483 qnod
1075 2406 1161 2485 saepta
1176 2426 1224 2467 ca·

505 2509 586 2567 tervl

428 2609 559 2681 Dixerat,
578 2620 665 2689 atque
677 2610 774 2669 animo
787 2612 926 2670 meretrix
934 2610 1039 2689 jadela
1052 2612 1186 2682 serarum,

428 2713 573 2772 Infamem
580 2713 637 2796 ‚tali
649 2714 752 2772 merito
763 2733 877 2773 rumore
889 2714 983 2785 fuiffe,

429 2814 522 2874 Dodta
535 2815 707 2894 Palephatii
721 2816 836 2875 testatur
848 2835 917 2874 vooe
928 2835 1059 2893 papyrus.

430 2916 594 2993 Quidquid,
613 2926 642 2975 et
655 2926 689 2975 ut
701 2917 830 2994 quinquis
842 2917 894 2976 tali
906 2919 942 2976 de
954 2918 1035 2975 clade
1046 2919 1168 2988 locutus,
1286 2907 1290 2917 ¹

431 3018 540 3078 Omnia
552 3018 620 3077 sint:
642 3019 737 3096 potius
750 3020 836 3078 liceat
848 3018 991 3077 notescere
1001 3019 1098 3090 Cirin;
1148 3009 1160 3032 ⁶

429 3118 530 3196 Atque
540 3138 629 3179 unam
641 3139 678 3179 ex
690 3120 790 3178 multis
801 3120 925 3196 Scyllam
937 3139 996 3179 non
1008 3121 1063 3179 elie
1074 3122 1187 3198 puellis.

432 3221 541 3291 Quare,
560 3240 633 3297 qum,
652 3231 752 3279 cantus
764 3222 917 3279 meditanti
929 3222 1044 3280 mittere
1056 3233 1157 3294 certos,

431 3322 541 3398 Magna
554 3322 629 3380 mihi
641 3322 746 3399 cupido
759 3323 894 3380 tribuillia
906 3324 1032 3399 praemia,
1051 3324 1127 3383 dive

431 3422 556 3482 Pierides
561 3447 570 3493 ς
591 3442 712 3500 quarum
724 3424 810 3481 castos
823 3424 922 3483 altaria
935 3426 1025 3503 postes

431 3525 556 3586 Munere
568 3524 640 3603 saepe
652 3544 717 3583 meo
731 3526 874 3596 inficiunt,
895 3527 1059 3603 foribusque
1078 3529 1228 3606 hyacinthi

430 3625 590 3704 Deponunt
601 3626 694 3694 florea,
712 3637 763 3685 aut
775 3627 858 3686 suave
870 3631 974 3687 rubens
985 3630 1127 3699 narciffus,

432 3732 496 3789 Aut
507 3748 615 3801 crocue,
633 3731 743 3789 alterni
754 3731 930 3809 conjungens
943 3732 1003 3791 lilia
1017 3734 1122 3804 calthi,

433 3832 588 3910 Sparsaque
599 3832 747 3892 liminibus
759 3834 843 3891 floret
855 3834 916 3891 rosa
923 3859 931 3904 5
953 3853 1031 3893 nunc
1043 3855 1107 3914 age,
1127 3838 1210 3907 divae,

434 3933 580 4013 naeepue
591 3936 685 3995 nostro
697 3953 774 3994 nunc
786 3934 927 4014 adspirate
937 3937 1045 3997 labori:
