3492 6884
735 1764 942 1814 NOTULAE.

470 1908 524 1957 Ver.
532 1919 590 1969 470.
611 1905 645 1957 Iti
655 1924 683 1955 ex
693 1909 781 1970 ingenio
795 1912 851 1956 oiim
861 1909 1038 1967 enundaveram,
1055 1904 1133 1971 partim
1143 1907 1239 1955 conscius

439 1997 518 2045 multis
533 1998 560 2043 ab
570 1997 622 2045 hinc
632 1998 694 2045 annis
708 1999 764 2046 hanc
775 1998 893 2045 lectionem
905 2000 927 2046 in
943 1999 1005 2046 bon:
1019 1998 1155 2046 audioritatis
1167 1998 1241 2044 codice

439 2087 541 2144 inveniri,
561 2098 584 2133 et
602 2087 629 2133 ab
647 2086 737 2133 Heinsio
753 2087 847 2149 probari.
881 2089 947 2135 Nihil
961 2088 1020 2134 aliud
1037 2088 1108 2135 voluit
1125 2087 1241 2144 Horatius,

439 2176 504 2239 epist.
515 2176 539 2223 ii.
555 2190 579 2223 2.
599 2174 652 2235 17⁶.

569 2293 987 2313 ..................
1003 2276 1026 2311 et
1036 2265 1103 2312 haeres

567 2352 684 2399 Haeredem
695 2353 792 2409 alterius,
803 2354 864 2400 velut
876 2358 883 2384 ⁴
893 2353 951 2400 unda
961 2353 1084 2416 supervenit
1095 2353 1201 2400 undnmz'

440 2452 462 2489 et
472 2442 576 2489 Valerius
588 2442 684 2498 Flaccus,
695 2441 726 2488 vi.
740 2441 768 2488 16
772 2455 793 2503 3.

566 2531 614 2577 Nec
626 2532 690 2579 ‘tot'
700 2531 727 2577 ab
736 2541 837 2577 extremo
847 2534 854 2560 ‘
866 2530 946 2577 flut'ius
957 2531 1001 2591 agit
1011 2530 1114 2594 aequore,'
1130 2545 1169 2577 nec
1179 2529 1207 2577 uc

573 2618 684 2666 Fratribus
694 2616 781 2665 adversi
791 2620 899 2666 ‘Boreas'
911 2619 1008 2667 iuuatur
1017 2620 1044 2665 ab
1054 2615 1120 2666 undi.

471 2731 526 2778 Ver.
537 2730 594 2792 498.
615 2732 650 2777 De
660 2730 700 2777 hac
710 2731 847 2798 distindiione
857 2732 900 2778 loci
910 2732 1040 2780 consulates
1050 2731 1126 2789 letior,
1137 2746 1186 2793 quae
1197 2745 1242 2776 nu·

438 2818 476 2883 pir
490 2820 588 2866 diximus
602 2819 629 2865 ad
645 2819 754 2882 Euripidis
765 2819 830 2866 Herc.
845 2818 889 2866 fur.
905 2833 955 2879 ¹¹4
974 2830 995 2867 et
1008 2821 1072 2867 Silva
1085 2821 1175 2868 Criticae
1190 2818 1241 2865 teet.

437 2911 493 2956 clix.
526 2910 590 2956 Hunc
606 2906 683 2955 antini
702 2907 853 2954 ‘studiorum'
871 2908 906 2954 vel
928 2909 1066 2963 ‘curarum‚'
1087 2910 1144 2971 quod
1162 2907 1244 2954 munit

439 2997 528 3055 Statius,
542 2997 569 3043 ad
580 2997 635 3044 silv.
648 2996 679 3045 iv.
693 3009 718 3056 4.
729 2997 768 3058 46.
790 2995 973 3044 ‘infelicitatem'
988 2998 1083 3045 ubertim
1098 2997 1162 3044 deflet
1179 2995 1243 3059 po‘e'ta

438 3087 510 3133 nniier
524 3086 548 3132 in
562 3085 658 3143 ‘tauro,’
676 3082 766 3132 inferius
782 3086 808 3131 ad
820 3100 865 3131 uer.
879 3100 907 3149 5²
912 3099 934 3147 5.
969 3083 1077 3133 Similitir
1093 3086 1120 3132 ad
1135 3086 1191 3133 AEn.
1207 3088 1242 3131 xi·

439 3173 497 3233 416.

566 3294 837 3310 ............
853 3262 1036 3327 ‘fortunatusque
1050 3264 1169 3321 laborum,'

536 3343 539 3348 ¹
567 3351 713 3414 Egregiusque
724 3351 803 3398 enimi.

444 3439 552 3490 similitu
562 3438 630 3488 etiirn
641 3441 744 3498 Ovidius,
760 3451 815 3488 met.
826 3458 848 3489 v.
866 3443 924 3501 267.

573 3530 729 3591 ‘felicesque’
742 3540 804 3577 vocat
814 3528 895 3592 paritir
904 3535 912 3561 ‘
920 3531 1041 3593 fludiique'
1052 3531 1137 3593 locique

569 3618 732 3665 Mnemonidas.

471 3708 525 3755 Ver.
540 3705 593 3768 506.
616 3708 703 3765 Adam,
719 3717 749 3765 et,
766 3707 788 3754 ni
800 3706 909 3761 fallimur,
926 3710 1040 3755 meliorem
1053 3708 1160 3755 inivimus
1176 3708 1247 3756 inter·

438 3795 547 3860 pungendi
563 3797 634 3843 viam.
666 3796 743 3842 Edimt
758 3796 835 3842 letior.
868 3797 898 3843 Et
913 3793 926 3842 i
943 3812 990 3844 ver.
1010 3810 1065 3858 505.
1082 3797 1109 3843 ad
1126 3812 1171 3844 ver.
1190 3810 1245 3859 509,

438 3896 500 3933 erant
511 3886 569 3932 intra
584 3884 718 3947 parenthesin
735 3884 843 3947 ponend25
862 3887 937 3947 quales
949 3884 1026 3948 sepius
1039 3896 1158 3932 occurrunt
1168 3886 1192 3932 in
1202 3886 1245 3932 hoe

439 3973 549 4038 poimate,
566 3984 590 4020 ut
601 3974 623 4020 in
633 3973 673 4020 lib.
685 3975 717 4019 iv.
729 3989 775 4020 ver.
786 3975 922 4034 254-264.
939 3974 969 4020 iv.
982 3974 1086 4034 67-77.

472 4065 555 4123 Georg·
574 4062 607 4109 iv.
630 4077 676 4109 ver.
693 4061 735 4120 78.
765 4061 839 4109 Alitir
853 4063 960 4123 distinxij
985 4063 1044 4125 quasi
1064 4064 1133 4111 dicere
1150 4065 1246 4111 voluerit

440 4152 519 4215 po'e'ts:
538 4156 556 4182 ‘⁴
565 4152 619 4198 Non
634 4150 657 4197 in
669 4151 744 4208 durno,
759 4166 830 4212 neque
843 4152 901 4198 circa
914 4152 1008 4199 domum
1021 4152 1087 4217 (vers.
1099 4152 1152 4214 75),
1168 4154 1246 4215 proeiio

440 4244 460 4275 ⁴‘
470 4243 596 4298 decernunt,
613 4239 647 4285 ied
658 4244 666 4269 ‘
676 4241 699 4286 in
709 4239 754 4286 alto
764 4239 868 4285 aethere.'’

470 4330 529 4378 Ver·
542 4326 594 4389 136.
612 4325 737 4389 Nunquirn
747 4329 803 4389 apud
811 4327 913 4374 animum
924 4343 1000 4375 meum
1010 4329 1115 4386 dubitavi,
1124 4330 1178 4391 quin
1187 4329 1244 4377 olim

440 4417 547 4480 scripserit
558 4416 665 4476 Virgilius
675 4416 740 4478 proiit
748 4416 864 4473 edidimus,
875 4416 903 4462 ob
913 4416 1042 4475 elegantiam
1052 4416 1141 4478 hujusce
1153 4428 1245 4465 mutatae

444 4505 610 4553 construdiionis
627 4502 690 4565 longi
707 4502 812 4566 longique
829 4505 949 4566 majorem
971 4521 1038 4566 quarn
1055 4506 1128 4552 {istim
1145 4507 1242 4569 arripien

443 4597 529 4643 ooeulto
538 4595 601 4655 gustu
611 4594 710 4642 homines
717 4593 863 4640 venustiores:
882 4593 920 4655 qui
931 4591 981 4638 reris
990 4593 1010 4639 ie
1019 4605 1145 4640 convertent
1154 4595 1181 4641 ad
1192 4597 1246 4643 Ma·

442 4685 552 4743 crobium,
568 4684 659 4732 Saturn.
673 4683 702 4730 vir
715 4682 737 4730 6.
750 4681 791 4729 tin.
813 4681 855 4727 inci
871 4682 933 4744 inope
947 4681 1036 4741 devidii,
1055 4681 1180 4732 iitebuntur
1189 4699 1243 4732 eum

833 4787 854 4827 U
