3492 6884
449 1732 557 1798 s.417.
759 1731 856 1789 LIB.
898 1731 937 1791 li.
1187 1740 1242 1790 2³1

455 1881 634 1960 confligunt,
649 1884 862 1963 Zephyrusque,
877 1887 1036 1961 Notusque,
1050 1895 1079 1943 et
1090 1885 1172 1945 laetus
1181 1886 1248 1944 Eois

454 1983 546 2041 Eurus
558 1986 651 2061 equis:
674 1987 793 2046 stridunt
805 1989 890 2057 silvas,
911 1988 1045 2063 saeuitque
1059 1988 1175 2046 tridenti

454 2086 591 2161 Spumeus
603 2099 689 2163 atque
701 2090 760 2146 imo
772 2090 883 2147 Nereus
896 2091 953 2147 ciet
965 2108 1077 2165 aequora
1091 2090 1189 2148 sundo.

452 2188 499 2246 Illi
513 2189 609 2258 etiam,
630 2190 651 2248 fi
664 2210 733 2266 quos
744 2189 862 2252 obscurt
874 2193 957 2250 noste
970 2211 1021 2268 per
1033 2194 1165 2251 umbram

453 2290 590 2350 Fudimus
602 2293 718 2361 infidiis,
740 2296 855 2370 totique
867 2293 1039 2371 agitavimus
1052 2296 1132 2363 urbe,

452 2394 612 2469 Adparent:
634 2395 720 2471 primi
733 2396 848 2472 clipeos,
868 2395 1046 2472 mentitaque
1059 2396 1125 2464 tela,

452 2495 656 2572 Adgnoscunt;
677 2506 764 2573 atque
776 2516 835 2567 ora,
854 2498 924 2556 sono
937 2498 1085 2567 discordia,
1106 2497 1228 2574 signant.

453 2597 534 2654 Ilicet
547 2598 695 2656 obruimur
707 2618 840 2659 numero:
863 2601 1026 2677 primusque
1040 2600 1180 2658 Coroebua

451 2699 563 2758 Penelei
577 2701 686 2771 dextra,
706 2702 780 2759 divae
793 2701 989 2779 armipotentis
1001 2702 1038 2759 ad
1050 2720 1137 2769 arant,

450 2801 627 2860 Procumbit:
649 2803 726 2860 cadit
737 2813 767 2861 et
781 2804 917 2880 Rhipeus,
933 2802 1096 2880 justiffimus
1109 2822 1183 2861 unus

451 2903 513 2960 Qui
527 2904 584 2961 suit
596 2904 626 2961 in
639 2904 767 2975 Teucris,
786 2915 817 2962 et
830 2903 1048 2963 servantissimus
1060 2904 1149 2981 arqui,

450 3006 502 3064 Ds
515 3005 597 3062 aliter
608 3005 714 3063 visum:
736 3019 857 3083 pereunt
869 3007 1057 3083 Hypanisque
1067 3008 1244 3086 Dymasque,

450 3107 564 3165 Confixi
577 3127 594 3166 a
607 3107 689 3166 sociis
697 3134 706 3180 3
728 3128 781 3167 nec
795 3120 823 3167 te
837 3120 885 3168 tua
899 3110 1031 3186 plurima,
1052 3110 1173 3181 Panthu,

449 3210 606 3268 Labentem
618 3211 717 3286 pietas,
737 3229 790 3268 nec
803 3211 947 3288 Apollinis
960 3212 1061 3280 insula,
1082 3212 1164 3270 texit.

449 3310 528 3368 Iliaci
541 3310 659 3379 cineres,
678 3321 708 3369 et
720 3312 835 3370 flamma
848 3325 976 3370 extrema
989 3331 1128 3381 meorum,

447 3412 554 3479 Testor,
574 3412 606 3469 in
619 3412 718 3470 oocssu
731 3412 820 3470 vestro
835 3431 890 3471 nec
903 3414 968 3480 tela,
988 3431 1041 3470 nec
1053 3414 1126 3471 ullas

446 3512 584 3571 Vitavisse
596 3514 671 3572 vices
684 3514 833 3583 Danailm;
852 3525 893 3582 et,
914 3513 933 3570 ss
948 3513 1006 3570 sata
1020 3513 1145 3582 suisleut,

446 3614 490 3674 Ut
503 3617 642 3681 caderem,
662 3614 792 3673 meruisse
804 3634 901 3674 manu.
941 3615 1113 3674 Divellimur
1125 3615 1207 3687 inde,

446 3717 558 3792 iphitus
570 3727 600 3774 et
614 3716 703 3774 Pelias
716 3735 843 3775 mecum:
864 3735 985 3793 quorum
1000 3718 1111 3794 iphitus
1121 3736 1184 3776 aevo

444 3819 510 3896 Jam
523 3819 644 3897 gravior,
664 3815 753 3877 Pelias
764 3829 795 3876 et
807 3819 921 3877 volnere
935 3820 1031 3877 tardus
1044 3819 1136 3880 Ulixi.

484 3921 615 3979 Protinus
626 3921 661 3979 ad
674 3920 751 3979 sedes
764 3920 869 3979 Priami
882 3921 1005 3979 clamore
1017 3922 1126 3981 vocatia

444 4023 504 4081 Hic
516 4042 583 4081 vero
596 4025 742 4100 ingentem
756 4041 894 4099 pugnam,
908 4041 962 4081 ceu
974 4033 1068 4082 cetera
1082 4043 1223 4102 nmquam

444 4124 523 4183 Bella
536 4125 639 4194 sorent,
660 4124 732 4184 nulli
746 4125 807 4182 totd
818 4136 998 4184 morerentur
1009 4125 1041 4184 in
1054 4128 1140 4198 urbes

444 4226 490 4285 Sic
496 4227 621 4284 Martem
628 4226 812 4295 indomitum,
820 4227 990 4303 Danaosque
999 4229 1036 4286 ad
1047 4228 1120 4287 toda
1132 4227 1242 4289 ruentia

443 4328 603 4397 Cernimus,
623 4327 818 4403 obsessumque
830 4327 893 4386 seta
907 4329 1046 4388 testudine
1061 4329 1162 4389 limen.

444 4429 564 4488 Haerent
575 4429 729 4507 parietibus
743 4429 832 4498 scalae,
851 4431 998 4507 postesque
1010 4431 1063 4490 sub
1074 4432 1149 4509 ipsos

443 4529 589 4596 Nituntur
600 4531 744 4608 gradibus,
764 4513 926 4609 clipeosque
938 4534 975 4591 ad
988 4534 1044 4592 tela
1057 4534 1170 4594 sinistris

443 4633 562 4701 Protcdii
576 4632 715 4712 objiciunt
719 4657 729 4705 ς
749 4631 884 4714 prensant
897 4634 1009 4714 fastigia
1021 4635 1138 4696 dextris.
