3492 6884
478 1758 577 1825 ιρι,
783 1754 881 1812 nrn.
921 1753 977 1811 ru.
1241 1725 1303 1821 ιγ’

483 1905 615 1985 Frigidus
626 1907 659 1965 in
672 1908 816 1976 Venerem
829 1910 934 1980 senior,
953 1908 1111 1982 smstraque
1123 1906 1252 1981 laborem

481 2009 632 2085 Ingratum
642 2011 744 2083 trahit3
758 2024 797 2081 et,
806 2013 825 2070 fi
834 2014 949 2090 qnando
957 2008 1098 2088 adproelia
1106 2017 1226 2066 ventum
1233 2007 1284 2077 est,

481 2111 526 2169 Ut
539 2113 686 2187 quondam
700 2113 730 2171 in
744 2114 852 2191 stipulis
870 2133 993 2191 magnus
1007 2113 1065 2171 srne
1078 2110 1186 2169 viribus
1198 2110 1286 2188 ignis,

481 2213 625 2272 lncass'um
638 2215 719 2274 surit.
753 2218 831 2293 Ergo
844 2218 956 2275 animos
967 2233 1118 2291 aevumque
1132 2212 1246 2272 notabis

481 2316 641 2394 Praecipue5
664 2318 733 2376 hinc
746 2319 816 2377 alias
830 2319 908 2390 artis,
921 2319 1089 2396 prolemque
1101 2325 1266 2393 parentum,

481 2419 518 2475 Et
532 2418 598 2494 quis
611 2420 716 2496 cuique
729 2421 811 2479 dolor
823 2421 909 2490 vieto,
929 2440 993 2497 quae
1006 2418 1098 2498 gloria
1111 2419 1224 2496 palmae.

481 2520 589 2578 Nonne
601 2521 690 2592 vides,
704 2543 795 2599 quum
808 2524 949 2600 praecipiti
962 2522 1119 2581 certamine
1131 2540 1267 2601 eampum

480 2623 668 2701 Conripuere,
688 2637 833 2702 ruuntque
847 2625 928 2684 effusi
942 2644 1055 2684 carcere
1067 2643 1179 2694 currus3

480 2725 583 2783 Quum
593 2726 654 2804 spes
663 2728 784 2786 adrestas
790 2728 941 2806 juvenum,
949 2727 1181 2804 exsultantiaque
1188 2725 1285 2785 haurit

479 2828 573 2887 Corda
586 2848 674 2906 pavor
685 2831 815 2907 pulsans?
837 2832 881 2889 illi
893 2831 999 2889 instant
1011 2833 1127 2890 verbere
1140 2814 1226 2901 torto,

480 2932 517 2988 Et
530 2932 614 3008 proni
627 2933 698 2991 dant
711 2934 784 2992 lora:
806 2934 885 2992 volat
897 2934 927 2991 vi
940 2934 1066 2991 fervidus
1080 2931 1154 2991 axis:

480 3036 604 3111 Jamque
617 3035 751 3105 humiles,
767 3035 887 3113 jamque
899 3035 969 3093 elati
982 3035 1104 3093 sublime
1118 3034 1252 3094 videntur

479 3138 556 3195 Aiira
570 3157 622 3215 per
635 3157 759 3197 vacuum
772 3139 851 3209 ferri,
865 3149 952 3215 atque
965 3138 1117 3215 adsurgere
1127 3137 1159 3195 in
1172 3156 1265 3198 auras.

480 3240 546 3297 Nec
560 3259 649 3309 mora,
669 3260 723 3298 nec
737 3242 848 3317 requies
853 3266 862 3315 3
885 3252 914 3299 at
928 3241 1016 3298 fulvae
1029 3239 1145 3297 nimbus
1158 3258 1253 3297 ureuae

479 3340 619 3412 Tollitur3
641 3341 812 3400 humescunt
831 3342 939 3419 spumis
956 3343 1085 3419 flatuque
1099 3342 1283 3418 sequentum:

478 3442 592 3501 Tantus
604 3462 685 3501 arnor
697 3443 826 3513 laudum,
847 3454 934 3502 tantae
947 3444 987 3502 est
999 3444 1116 3503 vietoria
1130 3445 1220 3502 curae!

520 3547 632 3604 Primus
646 3545 850 3604 Erichthonius
862 3566 961 3604 currus
973 3556 1004 3604 et
1016 3557 1140 3622 quatuor
1152 3545 1236 3603 ausus

478 3648 607 3725 Jungere
620 3667 718 3725 equos,
738 3649 909 3725 rapidusque
921 3647 990 3705 rotis
1002 3648 1126 3710 insistere
1139 3647 1240 3708 nidor.

481 3750 571 3822 Frena
587 3750 763 3826 Pelethronii
777 3751 910 3827 Lapithae
924 3769 1065 3828 gyrosque
1078 3752 1181 3809 dedere

478 3852 599 3930 lnposrti
613 3853 704 3924 dorso,
725 3864 811 3930 atque
824 3852 954 3929 equitem
967 3854 1088 3910 docuere
1101 3852 1154 3910 sub
1167 3852 1253 3913 armis

414 4012 422 4031 ‚
477 3956 620 4036 Insultare
633 3956 703 4025 solo,
722 3966 752 4015 et
765 3958 873 4035 gressus
890 3956 1049 4034 glomerare
1061 3954 1205 4032 superbos.

364 4131 370 4144 .
479 4060 595 4137 AEquus
608 4068 732 4136 uterque
745 4060 839 4130 labor3
855 4078 937 4136 aeque
946 4057 1142 4136 juvenemque
1156 4059 1285 4138 magistri

479 4161 653 4239 Exquirunt,
666 4162 851 4239 calidumque
865 4160 980 4232 animis,
993 4172 1023 4219 et
1035 4152 1162 4221 cursibus
1171 4181 1280 4235 acrem5

480 4264 624 4323 Quamvis
637 4263 711 4342 saepe
724 4264 795 4341 sugd
807 4264 901 4322 versos
914 4264 964 4321 ille
977 4264 1070 4341 egerit
1082 4264 1178 4333 hostis,

478 4366 516 4424 Et
528 4366 653 4443 patriam
668 4366 789 4444 Epirum
802 4366 916 4434 reserat,
936 4365 1076 4443 sortisque
1088 4368 1238 4443 Mycenas,

457 4534 461 4548 ⁸
478 4469 669 4546 Neptunique
682 4469 742 4546 ipsi
756 4469 879 4527 deducat
891 4468 1004 4545 origine
1016 4480 1143 4545 gentem.

518 4571 574 4629 llis
593 4571 804 4641 animadversis,
824 4570 931 4629 instant
944 4570 996 4629 sub
1010 4581 1132 4650 tempus,
1145 4580 1177 4631 et
1188 4572 1282 4632 omnis

478 4673 646 4750 Inpendunt
659 4692 742 4735 curas
754 4672 842 4732 denso
855 4673 1014 4732 distendere
1026 4674 1140 4751 pingui,
1257 4728 1261 4735 .
