3492 6884
472 1770 579 1840 v.'37l.
789 1770 887 1829 LIB.
928 1771 952 1826 l.
1232 1765 1269 1824 5'5

471 1924 599 2000 Eurique
613 1925 796 2003 Zephyrique
810 1936 890 1984 tonat
903 1927 1014 1993 domus,
1034 1922 1131 1981 omnia
1144 1922 1237 2000 plenia

472 2027 548 2084 Rura
562 2037 664 2085 natant
677 2028 762 2097 soffis,
782 2040 868 2104 atque
881 2028 974 2086 omnis
988 2027 1082 2084 navita
1097 2037 1186 2102 ponto

471 2130 601 2188 Humida
614 2132 677 2188 vela
691 2131 772 2207 legit.
800 2132 970 2206 Numquam
983 2129 1201 2206 inprudentibus
1214 2127 1271 2185 inr-

550 2234 602 2289 ber

472 2333 593 2392 Obsuit:
616 2344 667 2393 aut
679 2334 763 2392 illum
777 2334 941 2412 surgentem
953 2333 1074 2391 vallibus
1088 2332 1155 2391 imis

472 2436 569 2495 neriae
582 2437 681 2514 fugere
695 2456 792 2513 gruem
814 2449 864 2495 aut
878 2436 991 2505 bucula,
1011 2436 1118 2493 coelum

474 2537 643 2615 suspiciens,
662 2539 767 2615 patulis
780 2538 905 2615 captavit
918 2538 1033 2595 naribus
1046 2556 1142 2607 auras3

473 2641 536 2698 Aut
550 2652 651 2717 arguta
665 2641 743 2698 lucus
756 2639 996 2698 circumvolitavit
1008 2639 1147 2708 hirundo;

474 2744 513 2800 Et
527 2755 651 2801 veterem
665 2742 696 2799 iu
711 2742 782 2800 limo
795 2762 871 2800 ranae
883 2742 1011 2799 cecinere
1024 2741 1179 2817 querelam.

475 2844 582 2920 Saepius
595 2853 624 2901 et
638 2844 718 2901 tediis
731 2844 924 2920 penetralibus
935 2844 1039 2902 extulit
1052 2863 1105 2900 ova

475 2946 639 3023 Angustum
652 2946 772 3005 formica
786 2956 879 3004 terens
891 2947 959 3017 iter3
981 2958 1011 3003 et
1024 2945 1098 3003 bibit
1109 2945 1213 3023 ingens

475 3050 584 3128 Arcum
606 3058 644 3118 et,
657 3068 673 3105 e
685 3049 765 3125 pastu
778 3049 915 3107 decedens
928 3048 1043 3125 agmine
1055 3067 1171 3123 magno,

477 3151 637 3209 Corvorum
649 3150 791 3227 increpuit
805 3151 896 3209 densrs
909 3151 1051 3209 exercitus
1064 3151 1126 3208 alis.

476 3253 543 3329 Jam
556 3252 647 3310 varias
660 3252 755 3328 pelagi
768 3252 906 3322 volucres,
926 3263 965 3321 et,
985 3272 1049 3327 quae
1062 3252 1129 3310 Afia
1141 3251 1253 3309 circum

477 3353 620 3411 Dulcibus
633 3354 664 3410 in
679 3354 782 3429 stagnis
795 3353 936 3412 rimantur
948 3366 1027 3430 prata
1041 3353 1161 3430 Caystri,

478 3453 622 3512 Certatim
635 3453 728 3531 largos
740 3454 866 3512 humeris
880 3455 1031 3513 infundere
1044 3475 1128 3524 rores,

478 3559 568 3617 Nunc
578 3568 664 3634 caput
672 3557 812 3634 objeslare
822 3557 912 3626 fretis,
926 3576 1002 3615 nunc
1013 3576 1124 3614 currere
1137 3557 1167 3614 in
1180 3556 1279 3627 undas,

478 3663 516 3719 Et
531 3660 622 3719 studio
635 3659 773 3718 incassum
786 3659 882 3717 videas
894 3659 994 3736 gestire
1007 3658 1131 3717 lavandi.

477 3765 557 3822 Tum
570 3763 671 3821 cornix
685 3762 769 3837 pleni
782 3760 911 3837 pluviam
924 3771 1006 3818 vocat
1019 3761 1139 3836 inproba
1151 3778 1231 3833 voce,

479 3866 517 3923 Et
530 3865 587 3923 sola
601 3865 632 3922 in
646 3865 717 3922 sicca
731 3863 828 3921 secum
841 3862 978 3940 spatiatur
989 3863 1084 3920 arena.

481 3968 529 4025 Ne
544 3968 680 4025 nostuma
694 3965 812 4042 quidem
825 3975 972 4041 carpentes
985 3964 1071 4041 pensa
1086 3965 1191 4041 puellae

481 4069 636 4128 Nescivere
649 4067 791 4125 hiemem:
814 4066 883 4124 testi
896 4085 987 4142 quum
999 4066 1117 4125 ardente
1129 4066 1262 4123 viderent

481 4171 641 4230 scintillare
654 4170 759 4237 oleum,
777 4167 911 4245 et'putris
923 4168 1102 4226 concrescere
1115 4168 1230 4245 fungos.

522 4275 587 4332 Nec
600 4273 695 4330 minus
708 4290 746 4328 ex
757 4270 845 4328 imbri
858 4269 929 4328 soles
943 4279 973 4327 et
985 4280 1081 4346 aperta
1095 4269 1193 4327 serena

483 4375 653 4454 Prospicere,
673 4383 703 4431 et
715 4371 800 4430 certis
812 4373 917 4448 poteris
930 4371 1099 4448 cognoscere
1110 4370 1212 4448 siguis:

483 4478 563 4536 Nam
577 4494 669 4551 neque
683 4485 746 4531 tum
759 4473 844 4531 stellis
857 4472 932 4530 acies
944 4472 1044 4530 obtusa
1057 4472 1181 4543 videtur,

485 4580 560 4646 Nee,
580 4576 675 4635 fratris
689 4575 775 4633 radiis
787 4573 922 4642 obnoxia,
943 4573 1056 4649 surgere
1070 4575 1166 4644 Luna3

485 4678 599 4739 Tennta
612 4697 665 4739 nee
677 4676 751 4736 lance
763 4695 814 4753 per
826 4674 932 4734 coelum
946 4675 1049 4733 vellera
1062 4674 1145 4732 scrri:
