3492 6884
510 1755 553 1822 ω
746 1746 1074 1819 ΘΕΟῙὶῦῙΟΟΝ,
1205 1753 1312 1808 meo.

513 1904 578 1961 Aut
589 1902 702 1980 Alphee
715 1904 783 1963 rotis
796 1904 912 1981 praelabi
926 1905 1048 1972 flumina
1062 1903 1139 1975 Pirae,

513 2005 552 2063 Et
563 2006 642 2082 Jovis
655 2006 686 2064 in
700 2007 767 2065 luco
778 2026 878 2066 currus
890 2009 999 2086 agitare
1010 2008 1148 2078 volantis3

513 2107 624 2166 Primus
637 2110 704 2185 equi
717 2109 797 2168 labor
809 2110 858 2181 est,
879 2111 989 2169 animoa
1001 2119 1090 2187 atque
1102 2128 1181 2169 anna
1193 2109 1299 2172 videre.

514 2210 689 2281 Bellantum,
708 2213 852 2289 lituosque
864 2212 939 2290 pati3
961 2212 1111 2289 trabbuque
1124 2222 1288 2290 gementem

512 2313 597 2372 Ferre
610 2323 711 2384 rotam,
730 2326 761 2373 et
773 2314 884 2374 stabulo
897 2315 991 2373 frenos
1003 2315 1102 2373 audire
1114 2313 1240 2373 sonantis
1245 2337 1255 2384 3

513 2416 593 2476 uum
604 2418 696 2495 magis
710 2428 796 2495 atquc
808 2419 900 2496 magis
913 2417 1025 2475 blandis
1037 2416 1163 2494 gaudere
1175 2416 1301 2493 magistri

514 2518 670 2588 Laudibus,
689 2529 720 2577 ct
732 2519 836 2596 plansae
849 2519 974 2577 sonitum
987 2518 1104 2576 cervicis
1116 2537 1222 2577 amare.

514 2621 615 2696 Atque
627 2619 697 2688 haec,
713 2619 775 2697 jam
787 2621 880 2697 primo
892 2619 1026 2698 depulsus
1038 2622 1075 2681 ab
1087 2621 1175 2678 ubere
1187 2619 1295 2691 matris,

515 2723 641 2791 Audeat,
660 2722 750 2799 inque
762 2723 854 2781 vicem
867 2723 916 2780 det
929 2723 1064 2781 mollibus
1076 2741 1125 2781 ora
1137 2722 1264 2800 capistris

514 2825 670 2894 Invalidus,
688 2825 833 2901 etiamque
848 2834 981 2894 tremens,
1001 2826 1089 2883 etiam
1102 2824 1206 2884 inscius
1218 2824 1283 2882 aevi.

515 2931 567 2996 At,
588 2928 678 2986 tribus
691 2927 795 2987 erabiis
807 2928 859 2987 ubi
873 2938 975 3005 quarta
988 2926 1133 2986 adoefferit
1148 2926 1236 2997 aestas,
1296 2969 1297 2972 η

515 3010 638 3108 Carpere
651 3049 719 3088 mox
732 3049 837 3107 gyrum
852 3031 981 3107 incipiat,¹
1001 3030 1192 3106 gradibusque
1204 3028 1325 3088 sonare·

515 3132 686 3210 Conpofitin,
705 3133 855 3208 sinuetque
868 3133 977 3191 alterna
989 3132 1136 3191 volumina
1149 3151 1266 3191 crurum
1270 3157 1280 3206 3

516 3235 615 3313 Sitque
626 3235 767 3295 laboranti
782 3235 892 3293 similis:
915 3246 979 3292 tum
992 3234 1120 3293 curfibus
1132 3253 1225 3303 auras,

513 3338 594 3397 Tum
604 3348 700 3411 vocet;
709 3357 752 3407 ac,
760 3357 810 3415 per
821 3345 917 3415 aperta
925 3337 1033 3405 volans,
1043 3336 1177 3395 ceuliber
1187 3336 1315 3407 habenis,

492 3484 498 3497 .
515 3442 657 3518 AEquom,
676 3442 727 3501 vix
738 3441 850 3500 summb
861 3441 976 3518 vestigia
990 3449 1079 3518 ponat
1091 3441 1190 3498 arena:

516 3545 620 3604 Qualis
633 3543 827 3622 Hyperboreis
839 3544 950 3619 Aquilo
961 3562 1054 3620 quum
1065 3542 1168 3602 densus
1181 3545 1218 3601 ab
1229 3543 1286 3602 oris

515 3648 663 3717 incubuit,
683 3649 864 3724 Scythiaeque
877 3646 979 3704 hiemis
992 3655 1079 3721 atque
1093 3645 1173 3704 arida
1186 3645 1284 3704 differt

515 3724 641 3808 Nubila:
664 3761 728 3808 tum
741 3750 849 3826 segetea
861 3749 928 3806 altre
939 3748 1093 3825 campique
1106 3756 1238 3807 natantes

515 3852 642 3910 lenibus
654 3851 821 3910 horrescunt
833 3851 939 3919 flabris,
952 3849 1129 3927 summeque
1142 3851 1272 3910 sonorem

514 3956 595 4014 Dant
609 3956 693 4024 filvae,
711 3955 849 4031 longique
861 3964 988 4030 urguent
1001 3954 1036 4011 ad
1050 3954 1134 4013 litora
1147 3955 1266 4014 fluetus:

513 4057 568 4116 Ille
580 4058 667 4125 volat,
681 4056 763 4114 simul
775 4074 841 4114 arva
854 4055 936 4131 fuga,
957 4056 1041 4115 sunul
1054 4076 1178 4132 aequora,
1191 4076 1315 4118 verrens.

514 4160 574 4218 ffic
586 4159 633 4219 vel
646 4159 683 4217 ad
696 4159 756 4217 Elei
771 4166 860 4216 metas
873 4168 903 4215 et
916 4177 1052 4216 marauna
1065 4159 1158 4236 campi

514 4261 635 4320 Sudabit
647 4260 748 4337 spatia,
767 4270 797 4320 et
809 4259 922 4337 spumas
934 4271 1001 4336 aget
1013 4280 1061 4320 ore
1074 4274 1221 4336 cruentam

513 4363 628 4440 Belgica
639 4363 685 4420 vel
699 4362 778 4421 molli
792 4363 896 4420 melius
908 4363 982 4421 seret
994 4363 1085 4424 effedn
1100 4365 1184 4424 collo.

389 4456 392 4461 ³
512 4465 592 4527 Tum
604 4465 731 4535 demum,
750 4463 837 4524 crassb
849 4484 988 4541 magnum
1001 4467 1152 4543 farragine,
1171 4487 1275 4547 corpus

513 4566 645 4626 Crescere
654 4566 716 4644 jam
727 4567 841 4627 domitis
855 4567 952 4638 finit03
975 4587 1100 4644 namque
1112 4579 1180 4628 ante
1192 4571 1312 4631 doman-

590 4670 662 4729 dum
