3492 6884
541 1786 598 1837 130
837 1783 863 1841 C
877 1783 908 1841 U
921 1783 947 1842 L
961 1783 987 1842 E
999 1784 1038 1841 X.
1246 1800 1274 1842 v.
1288 1789 1334 1854 7³·

537 1933 751 2012 Pollentemque
764 1935 824 2005 fibi,
844 1938 931 1997 viridi
943 1957 1010 1997 cum
1023 1936 1142 2016 palmite
1155 1936 1258 1996 ludens

536 2033 652 2094 Tmolia
665 2037 819 2115 pampineo
831 2040 929 2098 subter
940 2059 1021 2098 coma
1035 2039 1111 2097 velat
1122 2037 1239 2097 amidiu.

536 2137 587 2195 llli
601 2138 667 2196 sunt
680 2159 781 2210 vaccae,
802 2152 831 2199 et
843 2152 970 2201 rorantes
982 2142 1054 2200 lade
1067 2140 1194 2217 capelle,

535 2238 574 2311 Et
588 2257 698 2309 nemus,
718 2254 746 2299 et
761 2243 883 2302 fecunda
897 2244 984 2314 Pales,
1005 2254 1035 2301 et
1047 2243 1167 2301 vallibus
1180 2240 1247 2301 imis

536 2342 652 2421 Semper
664 2363 761 2421 opaca,
782 2347 863 2403 novis
877 2347 1023 2405 manantia
1036 2344 1174 2415 fontibus,
1193 2355 1285 2403 antra.

536 2444 717 2523 Quisnragis
730 2458 827 2524 optato
839 2460 925 2524 queat
936 2450 992 2507 effe
1004 2449 1114 2507 beatior
1125 2467 1195 2520 aevo,

535 2547 635 2605 Quam
645 2549 696 2624 qui
709 2559 805 2606 mente
818 2551 917 2626 procul
931 2552 1011 2627 pura,
1025 2550 1163 2627 sensuque
1176 2550 1332 2627 probando,

465 2723 471 2732 Ι
534 2647 604 2707 Non
618 2650 713 2708 avidas
726 2652 843 2727 agnovit
856 2672 936 2728 opes;
958 2671 1016 2709 non
1030 2652 1118 2711 tristia
1131 2653 1215 2721 bella,

533 2749 599 2809 Nec
610 2751 722 2810 funesta
735 2752 818 2811 timet
831 2754 933 2812 validae
945 2755 1102 2813 certamina
1115 2754 1219 2827 claffis3

533 2851 613 2922 Non,
633 2852 729 2929 spoliis
741 2855 811 2912 dum
824 2854 918 2913 sanda
932 2857 1020 2914 dedm
1033 2857 1211 2933 fulgentibus
1222 2865 1306 2915 umet

531 2954 662 3031 Templa,
676 2956 722 3014 vel
735 2957 847 3015 evetius
860 2958 950 3016 finem
963 2959 1142 3018 transcendat
1155 2959 1290 3029 habendi,

532 3056 694 3115 Adversum
706 3058 784 3116 saevis
798 3058 873 3118 ultro
885 3071 971 3137 caput
984 3060 1108 3120 hostibus
1119 3061 1212 3121 offert.
1268 3091 1272 3099 ·

532 3159 582 3217 Illi
594 3160 668 3218 falce
680 3162 750 3219 deus
762 3162 875 3230 colitur,
895 3182 953 3220 non
967 3173 1036 3230 arte,
1055 3164 1162 3240 politus
1169 3190 1178 3237 ς

531 3261 587 3319 llle
599 3263 669 3320 colit
681 3263 772 3335 lucos3
795 3263 839 3322 illi
852 3266 994 3323 Panchaia
1009 3277 1081 3335 tura,

449 3430 458 3446 ⁶
531 3363 662 3423 Floribus
674 3366 794 3444 agrestes
807 3366 903 3425 herbe
916 3368 1099 3440 variantibus,
1119 3366 1221 3427 adsunt
1226 3393 1236 3443 5

531 3467 579 3525 Illi
592 3468 684 3527 dulcis
697 3470 773 3528 adest
785 3451 906 3547 requiei,
925 3479 955 3527 et
967 3489 1038 3546 pura
1051 3470 1191 3547 voluptas,

469 3600 478 3615 ·
531 3569 634 3628 Libera
647 3570 809 3629 vindicibus
822 3572 910 3630 cauis:
932 3572 989 3629 buc
1002 3557 1134 3641 inminet,
1154 3572 1248 3632 omnis

529 3673 641 3751 Dirigit
654 3675 710 3733 huc
724 3673 828 3745 sensus,
847 3675 910 3732 haec
922 3693 989 3733 cura
1001 3675 1041 3732 est
1054 3673 1165 3733 subdita
1177 3676 1267 3746 cordi,

530 3776 672 3835 Quolibet
684 3788 718 3834 ut
730 3777 828 3853 requie
841 3777 920 3835 vitiu
932 3786 1085 3835 contentus
1097 3777 1232 3848 abundet,

527 3880 717 3956 Jucundoque
730 3878 801 3955 liget
814 3879 981 3955 languentia
994 3898 1110 3957 corpora
1124 3878 1233 3939 somno.

527 3980 556 4038 O
568 3981 702 4057 pecudes!
724 4001 742 4039 ο
755 3983 858 4039 Panes!
879 3993 909 4039 et
921 4001 939 4039 o
950 3981 1090 4040 laetissima
1102 3983 1213 4060 Tempe

525 4083 644 4141 Frondis
658 4085 905 4161 Hamadryadum!
927 4103 1048 4161 quarum
1062 4104 1119 4143 non
1137 4085 1228 4144 divite
1240 4086 1322 4146 cultu

524 4187 663 4244 AEmulus
675 4186 789 4245 Ascraeo
803 4186 895 4272 pastor
907 4187 958 4245 fibi
971 4187 1091 4263 quisque
1103 4189 1196 4265 poitae

525 4288 659 4346 securam
671 4288 784 4365 placido
797 4287 922 4347 traducit
933 4288 1045 4365 pedore
1059 4289 1158 4347 vitam.

561 4366 682 4449 'salibus
695 4391 725 4448 in
740 4390 836 4448 studiis
848 4391 954 4449 baculo
963 4391 1033 4448 dum
1047 4390 1132 4449 nixus
1145 4391 1255 4469 aprica»

524 4494 616 4551 Pastor
629 4493 690 4570 agit
702 4512 790 4561 curas,
811 4504 841 4550 et
853 4494 924 4551 dum
938 4512 995 4550 non
1009 4503 1068 4550 arte
1084 4494 1188 4551 canord

522 4596 667 4673 Conpadta
680 4592 795 4653 solitum
808 4594 972 4652 modulatur
984 4594 1124 4654 arundine
1136 4615 1250 4656 carmen
1256 4623 1266 4671 ς

520 4698 630 4757 Tendit
642 4696 785 4756 inevettus
797 4694 890 4756 radios
902 4696 1076 4774 Hyperionis
1088 4698 1181 4771 ardor,
