3492 6884
469 1784 528 1836 254
727 1776 814 1836 AEN
827 1775 852 1836 E
865 1777 879 1834 1
892 1775 922 1837 D
935 1775 1006 1845 08,
1160 1781 1276 1847 vum.

471 1931 644 2007 velatasque
656 1948 760 2002 eomas,
778 1933 985 2010 praesentisque
995 1950 1046 1992 ora
1058 1932 1190 1991 videbm

473 2033 551 2091 Tum
565 2034 676 2110 gelidus
689 2044 750 2093 roto
762 2037 898 2094 manabat
910 2053 1027 2112 oorpore
1038 2034 1136 2108 sudor)

473 2135 611 2213 Corripio
624 2136 742 2195 cibatis
753 2155 863 2214 corpus,
884 2138 1028 2213 tendoque
1039 2136 1154 2213 supinas

473 2238 521 2295 Ad
536 2237 641 2296 coelum
653 2257 721 2296 erun
734 2257 803 2297 voce
816 2257 927 2306 manus,
946 2249 976 2298 et
989 2257 1109 2297 munera
1121 2238 1180 2296 libo

473 2339 646 2398 intemerata
660 2340 740 2400 focis.
780 2341 907 2400 Perfedo
919 2341 1001 2399 loetus
1013 2341 1131 2410 honore,

473 2441 621 2500 Anchisen
634 2441 710 2500 facio
721 2452 842 2512 certum,
863 2461 982 2519 remque
994 2443 1095 2502 ordine
1106 2441 1210 2519 pundo.

471 2543 605 2620 Agnovit
621 2543 730 2624 prolem
741 2544 917 2621 ambiguam,
931 2543 1118 2622 geminosque
1130 2542 1274 2620 patentior

475 2646 567 2721 Seque
580 2664 655 2704 novo
666 2658 796 2705 veterum
808 2647 962 2723 deceptum
974 2664 1069 2704 errore
1080 2646 1218 2704 iocorum.

473 2748 553 2806 Tum
566 2758 718 2807 memorat:
741 2749 827 2817 Nate,
849 2748 943 2807 Iliacis
955 2748 1082 2807 eremite
1093 2747 1169 2818 satis,

475 2849 540 2920 Sola
553 2849 626 2908 mibi
640 2851 703 2909 talis
715 2850 794 2908 casus
807 2849 960 2909 Caffandra
971 2851 1101 2909 canebat.

474 2951 507 3010 N
509 2970 565 3010 unc
576 2962 681 3029 repeto,
695 2952 757 3011 baso
767 2953 865 3031 generi
875 2952 1043 3030 portendere
1053 2951 1150 3010 debita
1161 2950 1275 3024 nostros

475 3054 515 3112 Et
527 3053 600 3130 saepe
613 3052 790 3130 Hesperiam,
809 3055 884 3131 saepe
897 3053 969 3112 ltsla
982 3072 1080 3131 regna,
1092 3071 1201 3112 vocare.

476 3157 532 3215 Sed
544 3156 609 3232 quia
621 3156 657 3214 ad
671 3155 817 3234 Hesperiae
829 3165 962 3214 venturos
973 3155 1057 3216 litora
1067 3156 1194 3214 Teucros

476 3259 629 3318 Crederet?
643 3269 693 3316 aut
706 3276 792 3334 quem
806 3267 868 3317 tum
878 3268 956 3317 vates
965 3257 1117 3317 Catiandra
1127 3261 1275 3317 moveret?

476 3362 619 3420 Cedamm
632 3361 747 3430 Pboebo,
766 3370 796 3419 et
808 3361 912 3419 moniti
928 3361 1047 3419 meliora
1060 3361 1219 3437 sequamur.

476 3463 523 3522 Sic
536 3465 590 3535 ait,
612 3472 642 3520 et
654 3462 752 3521 cunoii
763 3462 839 3520 dieto
851 3481 984 3539 paremus
996 3473 1121 3521 ovantes.

477 3567 562 3625 Hanc
574 3584 689 3642 quoque
702 3565 854 3623 deserimus
865 3564 969 3634 sedem,
989 3565 1142 3642 paucisque
1154 3563 1262 3623 relictis

476 3668 549 3727 Vela
559 3670 668 3740 damus,
677 3667 841 3743 vastumque
851 3667 920 3725 cava
930 3668 1010 3724 trabe
1018 3668 1156 3725 currimus
1165 3685 1274 3742 sequor.

515 3771 664 3848 Postquam
677 3771 768 3828 altum
781 3782 898 3827 tenuere
912 3777 992 3839 rates,
1013 3787 1067 3827 nec
1075 3767 1137 3845 jam
1148 3769 1275 3846 amplius

592 3873 659 3930 ullae

476 3975 625 4051 Adparent
635 3975 838 4043 terrae,coelum
847 3973 973 4050 undique
983 3981 1013 4031 et
1021 3973 1148 4050 undique
1156 3983 1281 4063 ponnus,

476 4079 555 4136 Turn
567 4076 640 4134 mihi
653 4077 788 4134 caeruleus
801 4075 883 4152 supra
896 4087 982 4153 caput
994 4074 1102 4134 adstitit
1114 4075 1215 4146 imber,

476 4179 601 4238 Nobiem
614 4177 796 4254 hiememque
809 4178 917 4249 serens;
938 4188 968 4236 et
981 4177 1127 4236 inhonuit
1138 4177 1216 4237 unda
1228 4186 1276 4237 te·

592 4279 695 4337 nebris.

476 4383 623 4444 Continuo
636 4381 714 4440 venti
727 4381 846 4440 volvunt
864 4400 950 4452 mare,
971 4400 1133 4459 magnaque
1151 4381 1274 4458 surgunt

475 4489 615 4565 AEquora.
655 4483 778 4562 Disperfi
787 4484 927 4560 jadamur
938 4485 1054 4560 gurgite
1064 4485 1148 4543 vasto.
1252 4480 1259 4491 ’

474 4591 622 4649 Involvere
633 4587 710 4646 diem
724 4586 825 4656 nimbi,
845 4596 877 4642 et
890 4604 947 4642 nox
959 4585 1077 4645 humida
1087 4587 1193 4645 eoelum
1278 4575 1280 4577 ’

476 4693 602 4751 Abstulit
609 4716 619 4764 ;
640 4688 829 4765 ingeminant,
850 4688 978 4764 abruptis
990 4686 1126 4757 nubibus,
1145 4689 1238 4766 ignea.
