3492 6884
476 1806 583 1859 mre
720 1805 723 1810 ·
756 1794 856 1855 ors.
896 1794 951 1854 111.
1235 1806 1275 1869 9⁵

474 1952 683 2029 Horrentisque
695 1953 790 2023 rubos,
809 1961 840 2010 et
852 1950 975 2010 amantis
988 1952 1075 2011 ardua
1087 1952 1205 2023 dumos;

474 2060 575 2134 Atque
586 2057 654 2135 ipsae
667 2075 808 2115 memores
820 2055 941 2115 redeunt
954 2056 986 2111 in
1001 2057 1083 2125 teila,
1103 2054 1225 2132 suosque

473 2161 603 2233 Ducunt,
623 2170 653 2219 et
666 2160 784 2238 gravido
797 2158 931 2236 superant
943 2158 994 2217 vix
1007 2161 1095 2217 ubere
1107 2160 1207 2219 limen.

471 2264 551 2341 Ergo
563 2263 644 2324 omni
657 2263 748 2322 studio
761 2263 885 2339 glaciem
898 2271 1055 2338 ventosque
1068 2263 1181 2331 nivalis,

473 2368 543 2427 Quo
556 2370 652 2427 minor
663 2367 703 2425 est
715 2367 773 2425 illis
785 2386 861 2425 curae
874 2365 1002 2424 mortalis
1014 2366 1129 2442 egestas,

472 2473 607 2543 Avertes3
630 2470 795 2545 uiciumque
808 2470 881 2528 feres
893 2479 923 2527 et
935 2471 1032 2545 virgea
1046 2470 1128 2526 laetus

471 2575 578 2634 Pabula
584 2600 593 2663 ξ
615 2593 668 2632 nec
680 2574 740 2632 toti
753 2573 866 2632 claudes
878 2561 993 2631 soenilia'
1003 2573 1114 2631 brumi.

470 2680 514 2737 At
527 2697 603 2748 vero,
624 2676 763 2754 Zephyris
776 2695 868 2753 quum
880 2676 945 2734 laeta
960 2678 1130 2734 vocantibus
1142 2676 1221 2736 aestas

470 2783 506 2841 lu
520 2781 606 2840 saltus
617 2777 772 2857 utrumque
783 2798 903 2856 gregem
912 2790 998 2856 atque
1009 2780 1039 2838 in
1049 2779 1152 2858 pascua
1162 2781 1271 2853 mittet,

470 2885 599 2945 Luciferi
612 2886 706 2962 primo
719 2902 787 2942 cum
801 2883 889 2941 fidere
901 2884 1008 2961 frigida
1021 2903 1087 2942 rura

469 2989 636 3066 carpamus,
656 2989 726 3045 dum
741 3006 827 3045 mane
847 3005 964 3058 novum,
984 2989 1055 3046 dum
1074 2988 1205 3065 gramina
1222 3006 1271 3048 ca-

549 3102 629 3162 nent,

470 3195 509 3253 Et
521 3214 566 3252 ros
578 3195 610 3252 io
624 3195 721 3253 teneri
734 3194 831 3272 pecori
843 3194 1015 3272 gratiffimus
1027 3195 1126 3253 berbi.

469 3299 551 3367 lude,
571 3298 624 3356 ubi
636 3310 736 3373 quarta
750 3298 826 3356 sitim
839 3299 904 3356 coeli
917 3299 1076 3376 conlegerit
1088 3300 1167 3368 hora,
1275 3292 1279 3297 ’

470 3401 509 3459 Et
522 3412 611 3459 cantu
624 3401 752 3476 querulae
765 3413 900 3478 rumpent
912 3403 1022 3460 arbusta
1035 3403 1155 3473 cicadae;

469 3506 519 3563 Ad
532 3515 633 3581 puteos
646 3517 696 3563 aut
709 3505 766 3563 alta
780 3523 880 3582 greges
893 3506 930 3563 ad
943 3506 1039 3582 llagna
1048 3504 1158 3582 jubebo

470 3610 644 3668 currentem
658 3608 755 3685 ilignis
767 3618 866 3685 potare
879 3609 1026 3666 canalibus
1039 3610 1163 3681 undam3

468 3713 599 3772 AEstibus
610 3722 640 3770 at
653 3712 756 3770 mediis
768 3685 931 3769 umbrosim
944 3713 1093 3788 exquirere
1105 3712 1219 3782 vallem,

468 3816 567 3875 Sicubi
579 3834 683 3893 magna
696 3814 778 3893 Jovis
790 3815 912 3891 antiquo
924 3816 1024 3873 robore
1037 3833 1159 3892 quercus

468 3919 600 3998 Ingentis
613 3921 712 3977 tendat
725 3939 830 3991 ramos;
851 3929 902 3978 aut
914 3920 1004 3978 ficubi
1016 3920 1134 3997 nigrum

468 4024 586 4083 ilicibus
598 4024 703 4081 crebris
716 4022 793 4081 sacri
806 4042 908 4081 nemus
920 4024 1043 4082 adcubet
1057 4024 1174 4083 umbri:

467 4127 547 4185 ‘lum
560 4127 654 4185 tenuia
667 4127 733 4184 dare
746 4126 840 4186 rursm
853 4146 949 4203 aquas,
969 4138 999 4185 et
1012 4128 1127 4204 pascere
1140 4127 1235 4187 rursus

468 4230 540 4290 Solis
552 4231 589 4289 ad
601 4229 746 4301 occasum;
768 4217 859 4307 quum
871 4231 995 4308 frigidus
1007 4233 1072 4291 aira
1083 4231 1182 4310 vesper

467 4334 633 4412 Temperat,
652 4344 682 4392 et
694 4333 780 4393 saltus
792 4334 886 4392 reficit
894 4334 956 4411 jam
968 4325 1079 4394 roscida
1091 4336 1170 4406 luno,
1267 4390 1270 4396 .

468 4437 624 4515 Litoraque
635 4437 776 4513 alcyoneo
789 4437 929 4510 resonant,
950 4438 1129 4497 acalanthida
1143 4438 1234 4500 dumi.

509 4540 592 4599 Quid
605 4541 658 4598 tibi
671 4540 792 4617 pastores
806 4541 916 4618 Libyae,
935 4543 1006 4619 quid
1018 4542 1122 4619 pascua
1134 4542 1217 4601 versu

467 4644 630 4720 Prosequar,
649 4655 679 4702 et
693 4645 762 4701 raris
773 4644 905 4705 habitata
917 4646 1040 4723 mapalia
1053 4646 1152 4705 ceeia?

467 4747 547 4827 Saepe
552 4748 641 4828 diem,
648 4748 830 4828 uestemque,
836 4758 868 4809 et
874 4749 1121 4810 totumexordine
1128 4747 1267 4821 messan,
