3492 6884
531 1804 590 1859 aas
694 1804 698 1810 ·
791 1771 1074 1868 muninus,
1222 1802 1334 1866 suaa

530 1953 644 2012 Nudati
658 1952 735 2012 socii.
775 1954 863 2031 Juvat
876 1954 990 2012 evasisse
1002 1961 1047 2011 tot
1058 1951 1137 2010 urbia

529 2057 690 2134 Argolicas,
709 2056 876 2133 mediosque
889 2058 988 2133 fugam
1003 2055 1123 2114 tenuisse
1133 2073 1184 2132 per
1196 2053 1292 2115 hostis.

528 2161 641 2219 Interea
655 2180 795 2240 magnum
809 2161 848 2219 sol
862 2160 1096 2219 circumvolvitur
1108 2177 1228 2228 annum,

528 2265 567 2324 Et
580 2263 708 2343 glacialis
723 2265 814 2323 hiems
826 2264 1009 2341 aquilonibus
1021 2262 1131 2339 asperat
1144 2262 1246 2321 undae.

526 2369 601 2427 AEre
614 2387 685 2427 cavo
698 2368 834 2446 clipeum,
855 2368 955 2445 magni
969 2367 1114 2445 gestamen
1127 2366 1261 2451 Apantie,

528 2471 657 2531 Postibus
670 2472 790 2530 adversis
803 2472 872 2548 sigo,
893 2482 923 2529 et
935 2491 995 2529 rem
1010 2471 1138 2529 carmine
1152 2469 1245 2545 signo:

529 2591 636 2635 mussa
658 2593 729 2632 uine
751 2594 791 2633 ne
812 2593 929 2633 nauare
951 2591 1146 2633 vrcromaus
1168 2591 1265 2630 seur.

526 2677 674 2754 Llhquere
688 2688 751 2736 tum
764 2690 863 2755 portus
873 2678 971 2756 jubeo,
991 2689 1020 2737 et
1034 2677 1178 2736 considere
1192 2672 1330 2733 tiaustris:

527 2781 670 2839 Certatim
684 2780 753 2840 socii
766 2783 875 2840 feriunt
888 2801 976 2853 mare,
997 2792 1027 2839 et
1039 2798 1153 2857 aequora
1168 2789 1294 2837 verrunt.

527 2884 666 2943 Protenus
680 2885 768 2943 aerias
785 2886 938 2944 Phaeacum
951 2885 1150 2945 abscondimus
1163 2900 1249 2951 arces,

529 2986 687 3062 Litoraque
701 2987 781 3064 Epiri
794 2988 926 3065 legimus,
946 2997 1088 3066 portuque
1102 2985 1231 3045 subimus

529 3088 671 3159 Chaonio,
692 3100 723 3147 et
736 3089 840 3148 celsam
854 3089 989 3148 Buthroti
1004 3088 1169 3148 adcedimus
1182 3089 1293 3145 urbem.

571 3191 629 3250 Hic
643 3192 819 3250 incredibilis
833 3211 930 3250 rerum
943 3194 1020 3250 sama
1034 3200 1156 3267 occupat
1169 3188 1255 3259 auris,

530 3293 693 3354 Priamiden
708 3295 855 3353 Helenum
867 3282 1101 3370 Graias'reguare
1114 3311 1165 3370 per
1176 3292 1264 3360 urbia,

530 3396 676 3475 conjugio
689 3397 820 3455 AEacidae
834 3397 933 3472 Pyrrhi
949 3396 1123 3472 sceptrisque
1136 3394 1262 3472 potitum
1270 3419 1280 3464 ς

530 3501 569 3559 Et
582 3499 675 3577 patrio
689 3499 913 3558 Andromachen
927 3499 1033 3556 iterum
1045 3496 1150 3555 cessisse
1163 3497 1276 3555 marito.

531 3603 689 3680 Obstupui3
711 3602 841 3679 miroque
853 3600 1002 3662 incensum
1016 3601 1114 3680 pestus
1126 3618 1233 3667 amore,

531 3707 702 3784 conpellare
716 3704 819 3774 vimm,
839 3715 870 3762 et
883 3703 961 3762 casus
974 3703 1142 3779 cognoscere
1156 3713 1259 3762 tantos.

531 3809 698 3885 Progredior
713 3819 808 3885 portu,
828 3807 918 3865 claffis
931 3817 960 3864 et
974 3806 1057 3863 litora
1072 3805 1214 3882 linquens.

530 3910 681 3968 sollemnis
696 3922 758 3968 tum
772 3910 847 3967 sorte
861 3910 955 3985 dapes,
975 3918 1005 3965 et
1020 3907 1107 3965 tristia
1120 3908 1205 3977 dona,
1310 3938 1312 3945 ·

529 4014 611 4071 Ante
624 4014 726 4071 urbem
739 4014 770 4069 in
784 4013 859 4082 luco,
880 4012 943 4068 salsi
956 4009 1109 4068 Simodntis
1121 4010 1156 4066 ad
1171 4010 1288 4077 undam,

528 4116 653 4174 Libabat
666 4116 757 4172 cineri
773 4114 984 4181 Andromache,
1005 4111 1160 4187 Manisque
1173 4114 1293 4170 vocabat

529 4218 706 4277 Hectoreum
720 4217 756 4274 ad
770 4216 916 4273 tumulum
922 4240 931 4285 3
954 4214 1039 4272 viridi
1050 4234 1138 4290 quem
1149 4214 1256 4292 cespite
1268 4216 1331 4274 ina·

610 4338 687 4389 nem,

531 4423 569 4483 Et
583 4422 719 4501 geminas,
739 4419 863 4479 caussam
875 4418 1010 4489 lacrimis,
1031 4418 1187 4478 sacraverat
1200 4438 1270 4480 aras.

531 4527 575 4586 Ut
588 4546 635 4585 me
647 4524 795 4601 conspexit
808 4524 982 4589 venientem,
1001 4532 1031 4579 et
1042 4522 1131 4579 Troi'a
1145 4522 1255 4580 circum

531 4631 622 4688 Amra
635 4647 733 4686 amens
746 4627 829 4696 vidit,
848 4625 961 4701 magnis
974 4624 1109 4682 exterrita
1123 4626 1263 4699 monstris,

533 4730 668 4809 Deriguit
680 4730 743 4789 visu
755 4729 786 4789 in
800 4728 896 4788 medio
901 4752 911 4801 5
932 4729 1009 4786 calor
1021 4726 1078 4787 oua
1091 4727 1222 4804 reliquit;
