3492 6884
503 1720 559 1781 136
695 1787 698 1791 ,
799 1721 996 1783 CULEX.
1191 1726 1298 1779 mit.

499 1874 632 1935 Gutturir
645 1874 737 1934 arenti
750 1877 895 1935 revolutus
907 1878 938 1936 io
951 1875 1049 1936 omnia
1062 1874 1154 1935 sensu.

501 1976 592 2045 Quid,
613 1976 712 2035 saxum
726 1979 823 2055 procul
837 1979 954 2038 adverso
966 1981 1015 2057 qui
1030 1989 1129 2037 monte
1141 1977 1272 2046 revolvit,

499 2079 686 2137 Contemsrffe
698 2080 779 2138 dolor
791 2100 879 2157 quem
891 2082 1011 2139 numina
1024 2081 1116 2139 vincit
1128 2082 1255 2149 acerbus,

500 2179 569 2239 Otia
584 2192 758 2257 quaerentem
771 2182 889 2240 frustra?
910 2185 969 2241 Vos
982 2183 1032 2250 ite,
1052 2183 1166 2259 puellae,

499 2282 554 2352 Ite,
574 2283 677 2359 quibus
691 2285 777 2342 toedas
790 2284 924 2342 adcendit
938 2284 1021 2341 tristis
1036 2283 1174 2359 Erinnys,

500 2384 548 2444 Sic
562 2395 595 2443 ut
609 2386 725 2462 Hymen
740 2386 856 2462 praefata
871 2386 952 2444 dedit
964 2385 1107 2444 connubia
1120 2385 1234 2444 mortis:

501 2489 601 2562 Atque
614 2487 682 2545 aliar
695 2487 752 2546 alio
764 2486 863 2545 densat
876 2487 960 2565 super
972 2485 1088 2564 agmine
1100 2498 1207 2544 tunnas
1212 2511 1221 2557 ς

501 2589 644 2667 Inpietate
657 2589 718 2646 feri
731 2590 882 2646 vecordem
894 2589 1034 2647 Colchida
1046 2600 1178 2657 matrem,

501 2691 600 2751 Anxia
614 2690 743 2749 sollicitis
755 2691 945 2749 meditantem
957 2692 1071 2749 volnera
1085 2692 1173 2761 natis,

502 2796 569 2873 Jam
584 2792 752 2851 Pandionias
765 2791 924 2851 miserandi
936 2794 1016 2870 prole
1028 2794 1146 2870 puellas,

503 2896 637 2955 Quarum
650 2915 706 2954 voa
719 2896 796 2972 Ityn,
817 2905 847 2952 et
860 2896 937 2972 Ityn,
958 2895 1035 2971 quod
1048 2894 1189 2953 Bistonius
1203 2895 1275 2963 Rex,

503 2998 600 3057 Orbus
614 2998 708 3073 Epope
721 3008 829 3066 maeret,
849 2996 973 3055 volucris
985 2997 1100 3055 evectus
1112 2996 1145 3054 in
1157 3015 1251 3057 auras.

502 3102 547 3159 At
559 3098 750 3157 discordantes
762 3100 892 3157 Cadmeo
905 3099 1011 3157 semine
1024 3098 1125 3156 fratrea

503 3203 570 3281 Jam
582 3200 744 3259 truculenta
756 3200 853 3259 femnt
867 3200 1025 3276 infestaque
1039 3200 1155 3259 volnera
1168 3218 1282 3275 corpus,

416 3383 417 3386 Ἴ
503 3304 590 3362 Alter
602 3304 633 3361 in
647 3303 775 3361 alterius:
795 3302 914 3380 jamque
927 3302 1068 3360 aversatus
1082 3314 1212 3378 uterque,

504 3405 587 3482 Inpia
601 3404 734 3488 germam‘
744 3414 843 3463 manat
856 3406 934 3481 quod
948 3403 1087 3481 sanguine
1100 3404 1210 3461 dextra.

544 3508 626 3566 Heui
648 3507 719 3566 heul
745 3508 900 3565 mutandus
913 3525 1063 3583 nunquam
1074 3506 1169 3565 labor:
1192 3505 1306 3579 auferor

469 3598 473 3605 ’
623 3609 699 3667 ultra

505 3712 541 3770 ln
554 3711 663 3770 diversa
677 3710 782 3788 magis,
804 3710 936 3769 distantia
949 3711 1050 3769 limina
1064 3729 1163 3768 cernor

505 3813 631 3890 Elysiam
645 3814 799 3871 trauandus
812 3832 882 3889 agor
894 3814 1003 3870 delatus
1016 3814 1052 3870 ad
1069 3813 1187 3870 undam.

506 3914 602 3974 Obvia
615 3914 792 3992 Persephone
802 3914 922 3973 comiter
935 3915 1076 3972 Heroidar
1089 3923 1194 3990 urguet

505 4016 646 4076 Adversas
659 4016 793 4093 praeferre
806 4015 892 4074 facea.
932 4016 1053 4073 Alcestis
1066 4018 1103 4073 ab
1116 4013 1197 4073 omni

505 4119 648 4178 Inviolata
661 4126 744 4175 vacat
756 4117 833 4188 cura,
854 4116 932 4193 quod
945 4116 1015 4174 saeva
1029 4116 1127 4174 mariti

505 4222 569 4300 Ipsa
582 4221 639 4279 suia
654 4221 721 4279 satia
734 4220 853 4278 Admeti
866 4220 925 4277 fata
938 4229 1046 4278 morata
1059 4220 1108 4277 est.

505 4324 594 4383 Eccel
619 4322 712 4380 Ithaci
725 4320 831 4398 conjux
845 4321 937 4379 fertur
949 4322 1034 4380 decua
1048 4320 1177 4379 Icariotir

507 4426 678 4487 Femineum
694 4425 859 4500 incorrupta
873 4424 972 4496 decus,
992 4434 1090 4482 manet
1103 4434 1132 4482 et
1145 4424 1243 4502 procul
1256 4423 1308 4484 illa

507 4530 606 4589 'iitrba
619 4528 700 4586 ferox
709 4525 859 4604 juvenum,
880 4525 1084 4594 telia‘confixa,
1105 4545 1267 4603 procorum.

510 4630 592 4691 Quin
605 4628 708 4689 misera
721 4628 864 4707 Eurydice
878 4637 959 4687 tanto
970 4647 1089 4687 maerore
1102 4629 1221 4700 recedit,
