3492 6884
453 1768 523 1817 v.4.
707 1755 930 1817 ECLOGA
967 1757 1005 1815 V.
1213 1761 1248 1824 17

789 1933 917 1971 MOPSUS.

337 2079 340 2084 Δ
450 2012 498 2069 th
511 2011 601 2089 major
608 2039 617 2087 3
640 2016 694 2073 tibi
707 2035 754 2074 me
767 2017 807 2073 est
819 2035 935 2092 aequum
946 2032 1054 2091 parere,
1073 2012 1208 2071 Menalca
1215 2037 1224 2084 ς

452 2113 517 2170 Sive
530 2113 582 2172 sub
595 2115 725 2187 incertas,
747 2117 887 2193 Zephyris
900 2116 1084 2182 motantibus,
1103 2109 1229 2183 umbras,

453 2216 517 2272 Sive
530 2228 613 2275 antro
626 2220 730 2295 potius,
744 2220 934 2277 succedimus:
952 2218 1074 2295 adspice,
1087 2227 1121 2275 ut
1133 2227 1250 2277 anuum

453 2317 590 2375 Silvestris
603 2320 672 2378 raris
686 2321 783 2397 sparsrt
796 2321 925 2378 labrusca
939 2319 1066 2377 racemis.

765 2443 938 2481 nausicaa.

452 2522 604 2581 Montibus
616 2524 648 2581 in
662 2525 761 2583 nostris
774 2525 849 2582 solus
862 2525 917 2582 tibi
929 2532 1020 2581 certet
1033 2523 1185 2599 Amyntas.

777 2645 905 2685 uorsus.

453 2723 545 2796 Quid,
560 2727 579 2783 ss
592 2727 670 2785 idem
683 2738 773 2786 certet
786 2729 924 2786 Phoebum
938 2725 1068 2802 superare
1081 2724 1229 2782 canendo?

764 2849 938 2888 stamineas.

453 2929 561 3005 Incipe,
582 2931 692 3007 Mopse,
713 2932 805 3007 prior:
829 2933 930 3006 siquos
944 2937 994 2987 aut
1003 2928 1145 3004 Phyllidis
1158 2929 1251 3006 ignes,

453 3033 516 3089 Aut
529 3032 648 3090 Alconis
662 3033 748 3090 habes
760 3033 867 3101 laudes,
887 3041 937 3088 aut
946 3030 1042 3106 jurgia
1055 3030 1154 3088 Codri.

454 3133 568 3209 Incipe:
589 3133 730 3209 pascentis
743 3132 865 3191 servabit
877 3133 996 3208 Tityrus
1009 3132 1114 3188 haedos.

792 3254 920 3293 uorans.
949 3265 952 3269 ·

455 3337 551 3394 Immo
563 3336 634 3404 haec,
654 3336 685 3392 in
698 3335 783 3393 viridi
796 3356 890 3413 nuper
902 3355 966 3412 quae
979 3335 1085 3393 cortice
1099 3335 1161 3411 sagi

456 3436 592 3494 Carmina
605 3435 745 3511 descripfi,
765 3447 795 3493 et
808 3438 957 3494 modulans
970 3438 1078 3494 alterna
1092 3437 1199 3504 notavi,

456 3537 609 3615 Experiar:
633 3546 665 3593 tu
678 3535 782 3593 deiude
791 3535 893 3612 jubeto
906 3546 996 3593 certet
1009 3539 1161 3611 Amyntas.

768 3655 943 3694 usnsncss.

455 3742 546 3797 Lenta
559 3740 631 3799 salix
644 3748 783 3815 quantum
793 3738 918 3817 pallenti
931 3736 1006 3793 cedit
1019 3736 1111 3805 oliva,

455 3841 586 3899 Puniceis
598 3840 715 3897 humilis
729 3849 871 3916 quantum
883 3838 1008 3895 saliunca
1021 3838 1134 3909 roseti„

456 3942 570 4020 Judicio
583 3942 676 3998 nostro
690 3949 802 3997 tantum
816 3940 870 3997 tibi
884 3939 962 3997 cedit
974 3941 1128 4016 Amyntas.

793 4061 922 4099 uorsus.

456 4147 511 4204 Sed
525 4155 557 4203 tu
570 4145 664 4203 define
677 4145 767 4220 plura,
787 4162 870 4219 puer;
892 4142 1070 4200 succedimus
1083 4152 1174 4201 antro.

496 4248 674 4305 Exstinstum
687 4244 832 4321 Nymphae
845 4244 954 4302 crudeli
968 4246 1069 4302 sunere
1081 4245 1219 4321 Daphnin

456 4350 592 4409 Flebant:
614 4367 672 4415 vos,
684 4346 784 4413 coruli,
801 4346 892 4414 testes,
905 4356 935 4403 et
947 4346 1077 4413 flumina,
1091 4347 1250 4424 Nymphis:

458 4452 569 4519 Quum,
588 4448 726 4525 conplexa
739 4447 782 4504 sui
795 4465 895 4523 corpus
908 4448 1066 4505 miserabile
1080 4447 1151 4515 nati,

460 4554 557 4628 Atque
571 4553 637 4609 deos
650 4559 736 4625 atque
750 4548 819 4607 astra
830 4559 913 4607 vocat
926 4550 1051 4608 crudelia
1064 4559 1165 4611 mater.

848 4669 865 4707 c
