3492 6884
486 1760 611 1847 eoo„
727 1758 949 1818 annona
980 1757 1058 1831 ιιιἸ
1242 1761 1275 1814 ιι

803 1935 968 1975 naumann.

486 2018 536 2077 ab
544 2018 618 2100 Jove
629 2014 813 2094 principium,
824 2018 933 2076 Musael
952 2015 1031 2096 Jovia
1042 2014 1140 2073 omnia
1152 2000 1250 2091 plena:

486 2120 540 2177 Ille
551 2119 622 2176 nolit
629 2128 734 2190 ·terras;
759 2119 805 2176 illi
817 2137 882 2177 mea
894 2120 1019 2177 carmina
1029 2113 1112 2177 cure.

797 2238 969 2279 nannenus.
1041 2244 1043 2248 ·

487 2325 525 2384 Et
537 2341 584 2380 me
597 2322 718 2381 Phoebus
729 2333 820 2380 amat:
842 2322 949 2381 Phoebo
962 2322 1010 2380 sna
1023 2321 1133 2398 semper
1145 2320 1220 2397 apud
1232 2337 1280 2376 me

486 2427 610 2485 Munera
620 2426 695 2493 sunt,
713 2425 786 2482 lauri
799 2435 828 2481 et
842 2425 925 2482 suave
937 2427 1039 2482 rubens
1051 2423 1232 2501 hyacinthus.

805 2546 970 2585 ιιιιιαιτιι.

488 2630 569 2688 Malo
582 2647 629 2687 me
640 2629 759 2687 Galatea
771 2630 851 2705 petit,
871 2630 973 2687 lasciva
984 2629 1091 2706 puella3

488 2733 527 2796 Et
538 2731 616 2808 fugit
627 2732 664 2789 ad
675 2731 786 2803 salicem
807 2732 855 2789 sed
868 2732 897 2789 se
910 2731 991 2809 cupit
1003 2741 1070 2789 ante
1079 2729 1179 2789 videri.

800 2853 971 2892 nauancas.

489 2936 531 2994 At
542 2935 615 2994 mihi
628 2935 684 2994 sese
697 2934 781 2994 offert
793 2938 876 3004 ultro,
897 2955 976 2994 meus
987 2935 1072 3013 ignis,
1085 2937 1240 3011 Amyntam

490 3038 595 3099 Notior
607 3047 640 3095 ut
648 3037 710 3113 jam
723 3038 757 3095 fit
766 3039 883 3095 canibus
896 3056 954 3095 uon
967 3038 1051 3095 Delia
1064 3009 1174 3095 nostris..

806 3159 972 3198 nauoenas.

488 3242 569 3299 Parta
579 3260 652 3299 meoe
661 3241 770 3299 Veneri
782 3242 848 3299 sunt
860 3261 995 3315 munera5
1017 3260 1141 3318 namque
1151 3237 1249 3299 notavi
1285 3240 1289 3247 ’
1322 3220 1331 3232 ’

489 3343 553 3418 Ipse
565 3342 669 3410 locum,
682 3342 764 3399 aen‘ae
777 3363 834 3418 quo
846 3343 1005 3419 congessere
1018 3345 1172 3419 palumbes.

804 3462 978 3502 manmena.

489 3544 579 3602 Quod
588 3542 678 3621 potui,
698 3561 794 3619 puero,
813 3543 928 3601 sllvestri
939 3563 974 3602 ex
987 3546 1084 3600 arbore
1095 3543 1178 3611 leela,

489 3648 585 3705 Aurea
599 3645 672 3704 mala
684 3646 784 3703 decem
795 3644 857 3702 misi
863 3669 872 3715 3
894 3663 955 3702 cras
968 3645 1057 3702 altera
1068 3643 1193 3702 mittam.

808 3765 974 3804 naumann.

489 3849 518 3909 0
528 3848 640 3926 quoties
653 3856 683 3906 et
694 3866 759 3924 quae
773 3848 855 3906 nobis
867 3848 986 3906 Galatea
999 3847 1095 3906 locuta
1107 3847 1164 3905 est!

490 3954 602 4011 Partem
614 3951 750 4027 aliquam,
762 3949 851 4019 venti,
862 3950 960 4007 divom
973 3950 1099 4008 reseratis
1110 3950 1147 4009 ad
1159 3949 1245 4011 auria.

381 4115 390 4128 ,
803 4070 976 4109 tanatem.

491 4153 573 4220 Quid
592 4154 808 4234 produn-quod
827 4171 875 4210 me
895 4152 955 4231 ipse
972 4152 1070 4212 animo
1090 4172 1148 4214 non
1167 4153 1283 4233 spernis,

567 4241 709 4334 Amynta,
827 4237 830 4242 ⁴
1093 4261 1095 4266 '

490 4358 529 4429 si,
549 4360 620 4417 dum
632 4368 666 4416 tu
678 4355 790 4415 seelarin
801 4374 893 4433 apros,
912 4376 967 4434 ego
980 4356 1051 4415 retia
1061 4356 1157 4416 servo?

807 4479 972 4519 alumnas.

491 4564 619 4641 Phyllida
632 4562 717 4621 mitte
730 4561 804 4620 mihi
811 4586 821 4634 ς
842 4579 923 4620 meua
935 4563 975 4620 est
986 4562 1098 4633 natalia,
1116 4562 1187 4621 Iolla
1193 4587 1203 4634 3

492 4666 568 4732 Cum
581 4665 686 4724 faciam
698 4663 791 4723 vitula
802 4682 854 4741 pro
866 4663 1008 4741 frugibus,
1027 4664 1086 4741 ipse
1096 4664 1204 4722 venito.
