3492 6884
527 1774 583 1827 122
736 1742 1064 1833 uno'nurcou,
1209 1766 1317 1834 mn.

525 1921 593 1991 Scia,
613 1921 725 1988 Proteu‚
743 1917 797 1978 scia
811 1918 886 1996 ipse3
908 1937 1002 1995 neque
1019 1917 1060 1975 est
1077 1924 1106 1976 te
1122 1915 1221 1975 fallere
1233 1913 1318 1992 quid·

602 2042 689 2101 qnam
695 2048 704 2094 ;

523 2123 579 2186 Sed
593 2137 625 2184 tu
637 2126 732 2185 desine
743 2125 827 2184 velie.
867 2125 964 2184 Desim
976 2133 1116 2203 praecepta
1128 2122 1219 2181 secuti

523 2231 675 2298 Venimus,
694 2229 764 2287 hinc
775 2227 857 2305 lapfis
870 2227 1019 2304 quaefitum
1031 2227 1144 2285 oracula
1156 2228 1248 2284 rebus.

524 2334 652 2392 Tantum
665 2331 778 2391 effatus.
817 2331 866 2390 Ad
884 2331 946 2388 hnc
958 2340 1036 2388 vates
1047 2329 1077 2387 vi
1090 2329 1214 2405 denique
1225 2311 1318 2386 multa

525 2437 663 2496 Ardentis
675 2436 772 2494 oculos
784 2434 897 2492 intorsit
908 2433 1017 2491 lumine
1030 2432 1142 2509 glauco,

526 2541 573 2611 Et,
594 2539 719 2617 graviter
731 2537 876 2604 frendens,
896 2537 934 2594 src
946 2534 1013 2593 satis
1024 2553 1073 2593 ora
1086 2533 1217 2592 resolvit:

563 2643 595 2701 N
597 2661 633 2699 on
648 2651 676 2699 te
688 2639 794 2698 nullius
806 2650 940 2698 exercent
953 2638 1079 2697 numinis
1090 2638 1153 2696 irae:

525 2746 635 2821 Magna
645 2744 701 2801 luis
710 2742 859 2802 conmissa:
882 2742 937 2801 tibi
949 2742 1000 2800 has
1012 2741 1180 2800 miserabilia
1186 2739 1319 2818 Orpbeus

525 2848 612 2907 Haud
626 2847 770 2923 quaquam
782 2847 820 2904 ob
838 2845 973 2903 meritum
989 2864 1097 2922 prenae,
1116 2844 1147 2903 ni
1163 2845 1224 2902 sata
1240 2841 1319 2901 refis·

603 2959 676 3020 tant,

525 3052 661 3124 Suscitat;
682 3063 713 3110 et
725 3053 806 3129 rapti
818 3050 943 3129 graviter
954 3069 1006 3128 pro
1018 3049 1140 3128 conjuge
1153 3048 1241 3108 saevit.

526 3156 580 3215 Illa
593 3155 719 3232 quidem,
739 3156 808 3213 dum
821 3165 851 3212 te
863 3155 977 3232 fugeret
988 3173 1040 3231 per
1053 3153 1174 3212 flumina
1185 3169 1319 3229 praecepa,

527 3259 676 3318 Inmanem
689 3267 757 3316 ante
768 3259 853 3335 pedes
865 3258 989 3334 hydrum
1001 3256 1138 3315 moritura
1151 3255 1257 3332 puella,

493 3354 511 3389 ‘
526 3363 692 3422 Servautem
706 3361 788 3439 ripae,
808 3362 865 3419 alta
878 3379 936 3419 non
949 3360 1023 3419 vidit
1033 3360 1066 3418 in
1080 3358 1177 3418 berbi.

526 3468 570 3525 At
582 3460 685 3524 chorus
698 3465 815 3542 aequalis
827 3466 977 3542 Dryadum
989 3464 1112 3522 clamore
1124 3461 1269 3539 supremos

526 3569 678 3646 inplerunt
690 3569 810 3640 montis5
831 3570 938 3627 flerunt
953 3567 1130 3642 Rhodopeiae
1143 3583 1229 3634 arces,

527 3673 653 3748 Altaque
666 3674 794 3750 Pangaea,
814 3682 845 3729 et
858 3670 943 3729 Rhesi
955 3669 1099 3729 Mavortia
1112 3668 1205 3735 telina,

528 3775 627 3849 Atque
638 3775 729 3843 Geta,
749 3783 835 3849 atque
848 3775 972 3841 Hebrus,
991 3781 1022 3830 et
1035 3770 1133 3828 Actias
1145 3766 1292 3846 Orithyia.

528 3876 601 3953 Ipse,
620 3877 689 3935 cava
703 3875 793 3933 solans
805 3895 915 3952 aegrum
928 3874 1068 3932 testudine
1081 3891 1218 3942 amorem,

527 3979 581 4048 Te,
601 3979 693 4036 dulcia
706 3977 841 4054 conjunx,
862 3988 892 4035 te
905 3976 964 4035 solo
975 3977 1006 4034 in
1020 3977 1104 4034 litore
1117 3975 1224 4045 secum,

527 4081 581 4148 Te,
595 4080 729 4138 veniente
742 4081 798 4149 die,
818 4091 856 4149 te,
869 4080 1025 4138 decedente
1038 4081 1169 4138 canebat.

527 4182 672 4241 Taenarias
685 4182 774 4240 etiam
787 4182 892 4251 fauces,
912 4182 970 4240 alta
982 4183 1051 4240 ostia
1064 4182 1151 4251 Ditis,

527 4286 566 4344 Et
579 4284 752 4359 caligantem
765 4283 847 4360 nigra
859 4283 1013 4341 formidine
1027 4283 1126 4341 lucum

528 4385 678 4463 Ingressus,
692 4385 845 4460 Manisque
856 4384 937 4452 adiit,
955 4385 1121 4460 Regemque
1132 4383 1322 4454 tremendum,

528 4487 690 4563 Nesciaque
702 4486 835 4544 humanis
848 4485 978 4563 precibus
991 4484 1183 4542 mansuescere
1194 4485 1289 4545 corda.

528 4593 581 4659 At,
600 4600 686 4649 cantu
698 4589 855 4659 conmotae‚'
867 4587 953 4646 Erebi
967 4587 1003 4645 de
1016 4586 1127 4645 sedibus
1139 4586 1206 4646 imis

528 4694 648 4752 Umbrae
657 4692 739 4752 ibant
751 4701 860 4762 tenues,
869 4689 1072 4766 fimulacraque
1083 4689 1147 4749 luce
1157 4700 1320 4750 carentumz
