3492 6884
475 1772 511 1824 12
716 1762 1014 1831 BUCOLICA,
1171 1772 1259 1836 ΜΒ.

780 1934 950 1977 nauticas.

472 2016 603 2094 Phyllida
614 2036 679 2076 amo
689 2027 755 2077 ante
765 2019 847 2077 alias:
870 2038 938 2078 nam
951 2035 998 2075 me
1010 2014 1151 2074 discedere
1164 2007 1258 2083 flevit3

470 2120 517 2190 Et,
532 2123 675 2198 Longum,
696 2122 826 2192 formose,
846 2122 925 2179 vale!
948 2119 1027 2177 vale!
1049 2113 1148 2192 inquit¹
1176 2115 1258 2174 Iolla.

698 2283 703 2295 ¹
780 2240 947 2281 niumm.

469 2322 561 2381 Triste
573 2324 656 2401 lupus
669 2325 791 2395 stabulis,
812 2322 931 2382 maturis
944 2321 1075 2397 frugibus
1087 2320 1201 2389 imbres,

469 2426 627 2486 Arboribus
639 2428 727 2498 venti,
746 2427 829 2485 nobis
840 2424 1028 2501 Amaryllidis
1040 2423 1098 2482 irae.

780 2546 954 2586 ununncrs.

469 2630 562 2689 Dulce
573 2630 638 2688 satis
650 2630 763 2699 humor,
782 2629 903 2706 depulfis
916 2630 1032 2686 arbutus
1045 2627 1144 2694 haedis,

470 2732 563 2789 lenta
575 2731 644 2789 salix
658 2732 717 2789 feto
729 2730 835 2808 pecori,
855 2730 929 2788 mihi
943 2730 1017 2787 solus
1030 2731 1181 2805 Amyntas.

783 2850 949 2890 nauffinna.

469 2935 559 2993 Pollio
571 2942 649 2993 amat
659 2934 789 3001 nostram,
809 2934 939 3008 quamvis
951 2932 991 2989 est
1003 2931 1112 3000 rustica,
1125 2931 1257 2989 Musam:

469 3023 606 3106 Pierides
621 3036 741 3093 vitulam
753 3034 851 3093 ledori
864 3025 969 3111 pascite
980 3035 1079 3091 vetlro.

497 3135 500 3140 ’
780 3154 952 3194 nanticus.

469 3238 558 3299 Pollio
570 3238 671 3316 etipse
684 3238 754 3296 facit
766 3256 839 3296 nova
852 3237 995 3295 carmina:
1017 3237 1123 3313 pascite
1137 3248 1259 3309 taurum,

468 3342 535 3419 Jam
547 3359 636 3399 comu
648 3352 735 3417 petat,
755 3349 785 3397 et
798 3340 917 3416 pedibus
929 3339 981 3415 qui
992 3338 1103 3416 spargat
1116 3358 1240 3398 arenam.

785 3460 950 3500 nauffinna.

471 3544 532 3603 Qui
541 3554 578 3613 te,
591 3545 690 3616 Pollio,
701 3553 787 3614 amat,
800 3544 906 3615 veniat,
915 3563 972 3620 quo
981 3551 1009 3601 te
1016 3562 1130 3620 quoque
1138 3544 1258 3620 gaudet:

468 3646 557 3705 Mella
570 3647 663 3705 fluant
675 3647 729 3717 illi,
749 3648 822 3704 serat
834 3655 864 3704 et
877 3648 963 3725 rubus
975 3646 1054 3721 asper
1064 3664 1220 3707 amomum.

780 3764 953 3804 ununucns.

469 3850 532 3908 Qui
545 3849 665 3907 Bavium
679 3865 737 3904 non
750 3848 821 3913 odit,
841 3856 918 3903 amet
931 3855 979 3903 tua
991 3848 1126 3916 carmina,
1146 3848 1249 3919 Maevi5

469 3953 568 4029 Atque
578 3950 656 4008 idem
664 3947 767 4025 jungat
781 3948 888 4024 vulpes,
907 3956 937 4005 et
948 3948 1075 4025 mulgeat
1087 3949 1190 4010 hircos.

785 4069 950 4109 nnuoernc.

470 4156 533 4215 Qui
545 4154 640 4232 legitis
652 4155 734 4213 flores
746 4163 776 4211 et
785 4152 868 4210 humi
881 4152 1023 4210 nascentia
1036 4153 1124 4230 fraga,

469 4258 608 4336 Frigidtu,
629 4277 646 4316 o
664 4256 758 4334 pueri!
792 4254 886 4331 fugite
905 4253 983 4327 hinc,
1003 4254 1073 4312 latet
1099 4254 1201 4333 anguis
1227 4256 1259 4317 in

546 4360 643 4418 herbl.

780 4478 952 4518 ununncns.

470 4562 587 4631 Parcite,
606 4581 679 4631 oves,
700 4561 823 4619 nimium
836 4561 1001 4637 procedere3
1022 4578 1080 4618 non
1093 4563 1166 4618 bene
1177 4561 1246 4639 ripae

469 4665 618 4724 Creditur:
639 4663 699 4742 ipse
711 4662 782 4723 aries
793 4663 882 4722 etiam
892 4680 969 4719 nunc
980 4662 1082 4724 vellera
1096 4661 1187 4722 siccat.
