3492 6884
492 1794 605 1866 voni.
804 1807 902 1868 urs.
942 1806 982 1867 11.
1248 1813 1286 1878 7⁵

490 1961 678 2032 Adsuescant,
699 1962 877 2041 summasque
889 1965 966 2041 sequi
980 1962 1106 2021 tabulata
1119 1980 1171 2039 per
1182 1960 1286 2021 ulmos.

528 2066 584 2132 Ac,
597 2065 669 2123 dum
681 2066 773 2142 prima
787 2068 867 2125 novis
880 2066 1015 2125 adolescit
1028 2065 1177 2123 frondibus
1190 2072 1267 2134 aetas,

491 2158 667 2225 Parcenduni
681 2168 800 2239 teneris,
822 2178 861 2236 et,
882 2170 951 2227 dum
964 2169 992 2226 se
1005 2168 1086 2225 laetus
1098 2159 1229 2225 ad'auras

491 2268 601 2326 Palmes
613 2268 684 2346 agit,
704 2269 776 2327 laxis
788 2289 839 2346 per
851 2290 955 2364 purum
968 2270 1095 2327 inmissus
1108 2268 1237 2338 habenis,

492 2368 556 2446 Ipsa
570 2370 631 2428 acie
643 2372 772 2429 nondum
784 2372 866 2430 salcis
880 2373 1032 2441 tentanda3
1053 2372 1100 2429 sed
1113 2371 1194 2429 uncis

492 2471 651 2549 Carpendae
663 2474 794 2532 manibus
807 2474 930 2543 frondes,
951 2474 1083 2548 interque
1095 2472 1234 2549 legendae.

492 2573 575 2643 Inde,
596 2574 646 2632 ubi
654 2572 715 2650 jam
728 2574 830 2633 validis
842 2577 982 2653 amplexae
995 2575 1126 2651 stirpibus
1137 2575 1233 2633 ulmos

492 2675 633 2747 Exierint‚
651 2686 714 2734 tum
727 2678 831 2755 stringe
844 2698 948 2747 comas,
962 2687 1025 2734 tum
1037 2676 1152 2734 brachia
1165 2678 1265 2747 tonde;

493 2779 572 2835 Ante
585 2778 772 2837 reformidant
785 2780 906 2838 ferrum:
930 2789 992 2837 tum
1005 2779 1129 2856 denique
1140 2780 1211 2837 dura

493 2879 603 2936 Exerce
616 2879 745 2958 imperia,
765 2890 795 2939 et
808 2901 900 2940 ramos
913 2881 1048 2958 conpesce
1061 2882 1186 2940 fluentis.

532 2984 678 3041 Texendae
689 2984 774 3061 saepes
784 2985 882 3054 etiam,
893 2996 922 3041 et
931 3005 1018 3063 pecus
1028 3004 1113 3043 omne
1122 2986 1288 3056 tenendum,

494 3085 637 3162 Praecipue
645 3087 714 3144 dum
725 3086 803 3144 frons
814 3097 910 3145 tenera
921 3088 1130 3163 inprudensque
1142 3088 1290 3146 laborumz

495 3186 562 3257 Cui,
582 3186 665 3263 super
677 3187 810 3264 indignas
823 3188 932 3246 hiemes
944 3189 1088 3264 solemque
1100 3200 1258 3266 potentem,

496 3290 641 3348 Silvestres
653 3291 699 3347 uri
712 3291 826 3349 adsidue
837 3310 1003 3368 capreaeque
1016 3294 1147 3368 sequaces
1196 3312 1200 3321 ·
1265 3360 1267 3364 Ι

496 3391 645 3461 inludunt,
665 3388 818 3469 pascuntur
830 3411 896 3450 oves
909 3393 1055 3468 avidaeque
1064 3393 1204 3470 juvencae.
1256 3373 1259 3380 ¹

495 3494 614 3571 Frigora
627 3513 680 3551 nec
694 3503 806 3551 tantum
819 3494 890 3552 cena
902 3504 1031 3552 concreta
1045 3495 1156 3571 pmind‚

495 3596 559 3653 Aut
572 3595 666 3672 gravis
678 3596 847 3653 incumbens
859 3594 981 3672 scopulis
995 3596 1138 3653 arentibus
1151 3596 1238 3665 aesias,

496 3698 650 3756 Quantum
662 3697 705 3755 illi
720 3716 842 3756 nocuere
855 3716 965 3774 greges,
985 3697 1105 3773 durique
1116 3716 1260 3756 venenum

396 3870 400 3877 .
496 3799 609 3869 Dentis,
629 3809 659 3857 et
672 3798 801 3857 admorso
815 3799 922 3876 fignata
935 3799 966 3855 in
980 3798 1064 3876 stirpe
1076 3800 1204 3858 cicatrix.

495 3903 565 3961 Non
578 3902 665 3961 aliam
676 3903 714 3961 ob
726 3902 840 3978 culpam
852 3900 963 3958 Baccho
975 3920 1059 3978 caper
1071 3902 1204 3961 omnibus
1216 3902 1271 3963 aris

497 4004 635 4074 Caeditur,
654 4012 684 4061 et
697 4012 805 4061 veteres
817 4002 919 4060 ineunt
931 4002 1076 4080 proscenia
1089 4002 1160 4074 ludi,

497 4105 671 4182 Praemiaque
684 4104 808 4181 ingeniis
822 4123 911 4181 pagos
924 4114 953 4161 et
965 4105 1090 4182 compita
1103 4105 1213 4167 circum

497 4207 627 4267 Thessdae
639 4202 766 4283 posuere,
786 4214 872 4284 atque
886 4206 962 4263 inter
973 4207 1075 4283 pocula
1088 4208 1148 4266 laeti

498 4308 638 4367 Mollibus
650 4308 680 4365 in
695 4309 783 4384 pratis
795 4309 895 4366 anuos
908 4308 1014 4366 saluere
1027 4328 1077 4385 per
1088 4319 1175 4369 utres.

498 4411 633 4469 Necnon
647 4407 778 4478 Ausonii,
796 4409 883 4485 Trojd
896 4429 965 4486 gens
978 4409 1067 4481 missa,
1088 4412 1184 4476 coloni

499 4512 633 4570 Versibus
645 4511 779 4569 incomtis
792 4513 906 4579 ludunt,
920 4510 1033 4588 risuque
1048 4511 1140 4570 soluto
1145 4538 1154 4584 ;

499 4615 615 4689 Oraque
626 4611 778 4688 corticibus
791 4611 910 4670 sumunt
923 4613 1061 4671 horrenda
1075 4614 1194 4687 cavatis,
1272 4637 1275 4642 ’

499 4716 539 4789 Et
552 4715 723 4789 squamus,
734 4722 837 4775 vocant
848 4732 900 4793 per
911 4714 1037 4775 carmina
1049 4716 1125 4789 lats,
1143 4716 1256 4795 tibique
