3492 6884
447 1820 565 1891 zoen·
655 1777 713 1860 *i*
764 1834 865 1893 mu.
904 1833 929 1891 r.
1189 1839 1246 1890 211'

448 1987 498 2046 Ne
512 1988 568 2064 qud
583 1987 652 2047 scire
664 1990 752 2062 dolos,
772 1990 918 2050 mediusve
929 2007 1077 2048 occurrere
1089 1986 1181 2066 poffit.

445 2090 494 2148 Tu
508 2090 611 2149 faciem
622 2092 709 2163 illius,
724 2093 836 2152 nostem
848 2112 907 2151 non
920 2092 1043 2170 amplius
1055 2110 1153 2160 unam,

447 2192 525 2251 Folle
537 2194 604 2252 dolo
611 2219 620 2266 ς
645 2204 675 2253 et
688 2205 770 2253 notos
781 2195 863 2272 pueri
876 2213 947 2272 puer
960 2194 1047 2252 indue
1060 2193 1169 2251 vultus:

449 2294 501 2365 Ut,
522 2314 613 2371 quum
627 2305 657 2355 te
670 2296 781 2375 gremio
793 2295 918 2375 adcipiet
929 2294 1070 2354 lastiffima
1083 2295 1171 2365 Dido,

453 2397 567 2475 Regalis
579 2397 658 2456 inter
669 2398 779 2457 mensas
792 2399 966 2475 laticemque
980 2399 1108 2475 Lyaeum,

450 2499 553 2557 Quum
566 2499 649 2558 dabit
660 2499 809 2578 amplexus
821 2510 909 2577 atque
922 2500 1016 2558 oscula
1030 2498 1126 2556 dulcia
1140 2497 1220 2575 figet,

377 2639 382 2648 ·
450 2600 609 2659 Occultum
621 2600 740 2680 inspires
752 2602 863 2681 ignem,
882 2602 1023 2678 fallasque
1035 2619 1156 2659 veneno.

449 2703 532 2761 Paret
545 2704 638 2761 Amor
650 2704 734 2763 diuis
746 2724 818 2763 cane
832 2704 994 2782 genetricis,
1014 2712 1044 2761 et
1057 2702 1116 2761 alas

448 2804 547 2873 Exuit,
567 2814 597 2864 et
610 2806 703 2885 gressu
715 2808 843 2884 gaudens
856 2806 965 2865 incedit
978 2805 1045 2864 Iuli.

486 2907 634 2965 AtVenus
642 2907 768 2966 Ascanio
774 2908 917 2985 placidam
925 2926 978 2985 per
988 2908 1116 2965 membra
1125 2904 1251 2982 quietem

447 3008 568 3085 Inrigat,
589 3019 618 3068 et
632 3009 727 3068 fotum
739 3009 849 3086 gremio
863 3011 915 3068 dea
930 3009 1007 3068 tollit
1020 3010 1050 3066 in
1064 3009 1136 3068 altos

445 3110 546 3168 Idaliae
558 3110 653 3182 lucos3
673 3111 725 3168 ubi
738 3112 833 3169 mollis
846 3130 992 3169 amaracus
1008 3112 1096 3169 illum

446 3212 577 3271 Floribus
589 3222 620 3269 et
632 3213 710 3272 dulci
723 3212 867 3290 adspirans
881 3213 1071 3289 coupiebtitur
1084 3214 1195 3272 umbri.

446 3315 570 3408 Jamque
584 3315 653 3385 ibat,
674 3314 751 3372 disto
763 3333 875 3391 parens,
894 3310 924 3373 et
937 3317 1012 3374 dona
1025 3315 1141 3393 Cupido

448 3416 539 3493 Regia
551 3418 683 3494 portabat
695 3416 800 3491 Tyriis,
821 3417 894 3475 duce
907 3418 989 3476 lctus
1001 3418 1123 3475 Achate.

448 3518 551 3576 Quum
564 3518 652 3586 venit,
673 3517 770 3576 aulaeis
779 3516 841 3595 jam
854 3518 883 3576 se
895 3520 994 3595 regina
1008 3519 1134 3597 superbis

446 3622 545 3679 Aurea
557 3620 707 3697 conposuit
721 3621 837 3699 spondb‚
856 3621 1039 3699 mediamque
1052 3622 1169 3682 locavit.

484 3726 551 3802 Jam
564 3733 645 3801 pater
658 3724 776 3791 AEneas,
796 3733 827 3781 et
836 3722 899 3800 jam
910 3722 1034 3801 Trojana
1043 3723 1181 3800 juventus

447 3826 642 3895 Conveniunt,
662 3826 804 3902 stratoque
817 3824 901 3902 super
913 3824 1105 3883 discumbitur
1117 3826 1201 3886 ostro.

446 3931 529 3990 Dant
549 3929 652 3988 famuli
671 3928 804 3987 manibus
824 3927 965 4005 lymphas,
992 3927 1185 4006 Cereremque
1203 3945 1251 3988 cu·

525 4030 618 4089 nistris

448 4134 623 4211 Expodiunt‚
643 4131 786 4209 tonsisque
799 4130 897 4190 serunt
909 4131 1046 4190 mantelia
1059 4132 1145 4193 villis.

448 4236 671 4314 Quinquaginta
685 4234 764 4291 intus
777 4233 909 4302 samulae;
931 4233 1034 4310 quibua
1047 4234 1147 4293 ordine
1159 4234 1249 4312 longo

447 4339 526 4397 Cura
538 4356 645 4416 penum
659 4335 772 4404 struere,
792 4343 822 4392 et
837 4335 961 4394 flammis
975 4336 1086 4395 adolere
1101 4338 1232 4395 Penatess

446 4442 576 4499 Centum
588 4439 661 4507 aliae,
681 4437 859 4512 totidemque
870 4456 952 4514 pares
964 4447 1048 4496 aetate
1062 4437 1193 4508 ministri,

447 4543 511 4601 Qui
523 4541 644 4619 dapibus
658 4538 769 4597 mensas
782 4548 913 4608 onerant,
932 4549 962 4596 ct
975 4539 1077 4616 pocula
1090 4548 1212 4615 ponunt.

446 4647 511 4704 Nec
523 4659 581 4702 non
594 4653 624 4701 et
634 4642 718 4718 Tyrii
729 4660 782 4719 per
793 4641 895 4700 limina
908 4641 972 4700 laeta
984 4641 1147 4719 frequentes

447 4749 625 4818 Convenere,
646 4743 715 4802 toris
721 4741 787 4821 juffi
799 4741 977 4803 discumbere
989 4742 1080 4821 piffis.
