3492 6884
478 1779 519 1853 os
713 1758 1045 1847 economum
1168 1784 1277 1837 mss.

477 1933 598 1994 Arboris
610 1934 734 1993 obnixus
747 1945 859 2005 trunco,
871 1946 1029 2011 ventosque
1041 1933 1148 1994 laceffit

477 2036 595 2105 Ictibus,
615 2046 645 2095 et
658 2036 750 2114 sparld
763 2039 799 2096 ad
812 2057 941 2116 pugnam
953 2038 1079 2114 proludit
1091 2036 1185 2096 areni.

477 2138 549 2210 Post,
569 2139 619 2197 ubi
632 2140 793 2214 cqnledum
806 2142 902 2210 robur,
914 2141 1045 2217 viresque
1057 2140 1180 2207 refectae,

479 2241 567 2317 Signa
575 2251 681 2311 movet,
689 2261 870 2320 praecepsque
879 2243 1003 2301 oblitum
1012 2243 1141 2300 ferturin
1151 2241 1276 2302 hostemr

478 2344 594 2404 Fluctus
607 2345 660 2415 uti,
680 2346 776 2404 medio
787 2347 876 2423 ooepit
888 2365 980 2421 quum
993 2345 1133 2404 albescere
1145 2355 1245 2423 ponto,

478 2448 607 2526 Longius
620 2468 657 2508 ex
670 2449 785 2525 altoque
799 2449 891 2507 finum
906 2450 1008 2519 trahitq
1029 2457 1130 2523 utque,
1143 2448 1258 2506 volutus

472 2551 527 2611 -Ad
541 2560 636 2622 terras,
657 2552 772 2609 inmane
785 2551 865 2608 sonat
877 2569 927 2629 per
941 2550 1016 2618 saxa,
1036 2568 1130 2626 neque
1143 2549 1205 2627 ipso

477 2653 582 2712 Monte
594 2654 689 2711 minor
701 2653 864 2730 procumbit
869 2678 879 2725 3
900 2665 930 2710 at
942 2652 1001 2709 ima
1014 2652 1148 2709 exaestuat
1160 2653 1238 2710 unda

476 2754 650 2825 Verticibus,
670 2754 841 2832 nigramque
854 2756 912 2813 alte
925 2753 1063 2832 subjetiat
1075 2772 1200 2812 arenam.

516 2856 613 2917 Omne
631 2858 702 2915 adeo
720 2877 810 2935 genus
823 2858 854 2916 in
869 2858 959 2929 terris,
980 2857 1188 2934 hominumque
1201 2858 1276 2916 fera·

593 2978 725 3035 rumque,
1259 3021 1266 3032 ‚

476 3062 514 3120 Et
527 3079 618 3140 genus
629 3081 792 3139 aequoreum
805 3064 937 3140 perardes,
957 3062 1098 3139 pictaeque
1111 3063 1247 3133 volucres,

475 3166 511 3225 In'
524 3164 612 3224 furias
624 3164 780 3242 ignemque
793 3176 895 3223 ruunt:
917 3185 997 3223 amor
1009 3166 1145 3224 omnibus
1158 3167 1244 3225 idem.

473 3268 617 3346 Tempore
631 3268 768 3339 nonalis,
789 3268 950 3326 catulorum
962 3269 1061 3339 oblita,
1082 3269 1172 3327 leaena

475 3370 580 3431 Soerior
592 3370 695 3429 erravit
708 3370 815 3448 campis
821 3394 830 3442 i
852 3389 906 3427 nec
919 3371 1020 3428 funera
1033 3372 1119 3448 volgo

472 3475 549 3534 Tam
562 3475 653 3533 multa
665 3474 802 3533 informes
815 3474 869 3532 ursr
884 3475 1060 3567 stragemque
1074 3476 1177 3533 dedere

475 3578 528 3637 Per
541 3576 634 3636 silvas:
658 3586 721 3635 tum
734 3577 822 3635 saevus
836 3596 912 3653 aper,
934 3587 997 3634 tum
1011 3578 1127 3655 pessima
1142 3578 1239 3656 tigris:

475 3680 557 3740 Heul
581 3681 656 3739 male
670 3689 732 3737 tum
747 3679 847 3755 Libyae
859 3678 925 3737 solis
937 3690 1048 3738 errstur
1060 3681 1091 3739 in
1105 3682 1190 3757 agris.

467 3782 582 3843 ‘Nonne
595 3782 683 3851 vides,
703 3792 735 3840 ut
750 3792 809 3839 totu
823 3791 929 3839 tremor
941 3792 1085 3859 pertentet
1097 3802 1238 3859 equorum
1319 3829 1322 3838 .

430 3881 433 3888 ’
475 3884 611 3961 Corpora,
626 3884 646 3941 sr
661 3892 774 3941 tantum
788 3893 870 3941 notas
883 3884 954 3941 odor
966 3885 1071 3942 adtulit
1084 3888 1183 3944 auras?

474 3986 521 4046 Ac
533 4004 625 4062 neque
635 4004 683 4042 eos
688 3983 750 4061 jam
760 3983 839 4041 frena
848 3984 953 4054 virdm,
963 4004 1058 4062 neque
1065 3989 1182 4046 verbera
1194 3986 1275 4057 saeva,

475 4077 544 4148 Non
552 4087 659 4165 scopuli
671 4104 810 4163 rupesque
818 4105 904 4154 cavae,
915 4097 1002 4161 atque
1009 4087 1117 4165 objeffl
1129 4092 1276 4149 retardant

475 4190 617 4258 Flumina,
636 4199 840 4265 correptosque
854 4189 931 4245 unda
945 4192 1107 4264 torquentia
1120 4193 1224 4270 pontis.

476 4293 539 4373 lpse
551 4291 610 4351 ruit
623 4292 774 4368 dentisque
787 4292 942 4351 Sabellicus
954 4295 1070 4352 exacuit
1081 4295 1136 4365 sus,

476 4397 513 4456 Et
526 4395 598 4473 pede
611 4394 770 4472 prosubigit
784 4405 897 4462 terram,
918 4394 1004 4453 fricat
1016 4400 1116 4456 arbore
1129 4400 1216 4459 costas

475 4500 574 4576 Atque
595 4497 764 4573 bibentque
786 4496 878 4564 illinc,
899 4497 1089 4576 humerosque
1106 4502 1142 4559 ad
1155 4504 1275 4563 vulnera

553 4600 647 4658 durat.

475 4701 557 4764 Quid
564 4702 688 4784 juvenis,
700 4722 839 4783 magnum
851 4703 899 4764 cui
909 4703 1001 4765 versat
1013 4705 1047 4766 in
1059 4706 1163 4768 ollibus
1175 4707 1273 4787 ignem
