3492 6884
436 1798 466 1842 v.
483 1784 549 1852 149.
750 1770 847 1835 ΜΒ.
888 1770 928 1835 11.
1193 1777 1233 1850 σγ

435 1936 496 1994 Hic
508 1952 558 1992 ver
570 1915 729 2000 adfiduum,
749 1940 834 2008 atque
846 1930 948 1989 alienis
959 1931 1101 1991 menfibus
1113 1932 1205 2006 allas,

437 2038 485 2096 Bis
497 2036 622 2115 gravidae
635 2036 766 2113 pecudes,
786 2036 830 2093 bis
841 2033 935 2111 pomis
946 2034 1026 2092 utilis
1039 2038 1132 2095 arbor.

437 2143 481 2199 At
494 2141 599 2198 rabidae
612 2139 700 2215 tigres
712 2138 826 2206 absunt,
846 2148 877 2195 et
890 2138 961 2195 saeva
975 2138 1093 2195 leonum

438 2242 566 2313 Semina,
588 2261 641 2299 nec
655 2241 771 2321 miseros
784 2241 890 2307 salluut
902 2241 1015 2298 aconita
1028 2241 1163 2317 legentis,

438 2346 503 2404 Noc
516 2346 590 2422 rapit
600 2345 744 2402 inmensos
756 2344 831 2402 orbis
841 2363 893 2419 per
905 2344 1037 2412 humum,
1049 2362 1142 2419 neque
1154 2352 1236 2403 tanto
1253 2373 1260 2386 ·

439 2450 596 2525 Squameus
608 2448 639 2505 iu
653 2447 758 2523 spiram
771 2447 862 2504 tratlu
877 2446 905 2503 se
916 2446 1039 2523 conligit
1051 2446 1163 2523 anguis.

438 2552 524 2609 Adde
539 2560 581 2608 tot
594 2550 723 2627 egregias
736 2550 823 2618 urbis,
843 2568 1019 2626 operumque
1032 2550 1170 2621 laborem,

439 2656 498 2712 Tot
511 2653 642 2730 congesta
656 2672 744 2711 manu
757 2651 907 2729 praeruptis
920 2652 1023 2729 oppida
1037 2652 1120 2720 saxis,

440 2757 629 2833 Fluminaque
643 2757 774 2831 antiquos
787 2755 1009 2813 subterlabentia
1021 2775 1128 2814 muros.

439 2862 489 2918 An
502 2879 589 2929 mare,
608 2861 685 2936 quod
698 2859 790 2936 supra,
810 2877 977 2928 memorem,
997 2861 1131 2935 quodque
1143 2858 1237 2917 adluit

516 2963 609 3021 infra?

438 3069 525 3125 Anne
538 3066 615 3123 lacus
628 3067 738 3122 tantos?
761 3073 799 3133 te,
819 3064 886 3122 Lari
898 3084 1042 3137 maxume,
1063 3073 1158 3141 teque,

439 3168 585 3227 Fluctibus
598 3178 628 3224 et
641 3167 759 3225 fremitu
772 3167 935 3244 adsurgens,
948 3170 1068 3235 Benace,
1086 3169 1217 3226 marino?

439 3274 489 3330 An
503 3289 661 3328 memorem
673 3281 780 3345 portus,
794 3271 976 3347 Lucrinoque
989 3272 1086 3329 addita
1099 3271 1218 3330 claustra
1225 3294 1236 3344 3

439 3376 540 3450 Atque
553 3373 738 3449 indignatum
751 3372 863 3448 magnis
878 3374 1041 3431 stridoribus
1053 3393 1160 3450 aequor,
1196 3413 1203 3428 .

440 3478 517 3555 Julia
531 3476 588 3552 qua
600 3485 689 3552 ponto
701 3475 788 3549 longe
802 3474 882 3533 sonat
893 3476 971 3533 unda
983 3476 1086 3545 refuso,

440 3579 666 3656 Tyrrhenusque
672 3577 758 3635 'fretis
771 3576 929 3635 inmittitur
941 3580 1021 3636 aestus
1033 3577 1175 3635 Auernis?

338 3748 341 3752 ,
441 3683 514 3741 Haec
527 3682 628 3739 eadem
641 3680 753 3757 argenti
767 3679 843 3738 rivos
855 3680 975 3757 aerisque
988 3680 1105 3739 metalla

442 3785 575 3843 Ostendit
588 3784 679 3851 venis,
699 3794 785 3860 atque
798 3802 867 3841 auro
880 3784 1005 3860 plurima
1016 3784 1113 3841 fluxit.

440 3888 513 3947 Haec
534 3907 624 3964 genus
645 3905 709 3945 acre
728 3886 834 3957 uirum,
860 3886 979 3957 Marsos,
1004 3890 1168 3964 pubemque
1188 3887 1239 3946 Su·

519 3991 636 4070 bellam,

442 4093 660 4169 Adsuetumque
672 4093 748 4150 malo
762 4092 909 4169 Ligurem,
922 4093 1097 4169 Volscosque
1109 4101 1234 4162 verutos,

442 4196 556 4256 Extulit
561 4221 570 4269 3
585 4196 646 4254 haec
656 4196 769 4265 Decios,
777 4196 895 4264 Marios,
904 4215 1080 4274 magnosque
1090 4197 1239 4267 Camillos,

443 4300 597 4376 Scipiadas,
616 4301 700 4357 duros
713 4298 789 4356 bello
794 4324 803 4369 ;
824 4309 854 4356 et
866 4310 905 4370 te,
925 4318 1060 4358 maxume
1073 4300 1177 4372 Caesar,

445 4403 519 4474 Qui,
538 4422 616 4461 nunc
629 4401 765 4460 extremis
778 4402 853 4460 Afiae
861 4401 924 4479 jam
935 4402 1026 4460 vislor
1038 4403 1069 4460 in
1083 4402 1149 4476 oris,

443 4506 586 4565 inbellem
598 4504 701 4563 avertis
715 4506 849 4563 Romanis
862 4505 974 4563 arcibus
987 4506 1102 4563 Indum.

446 4609 538 4678 Salve,
558 4627 662 4685 magna
675 4627 776 4685 parens
789 4607 917 4685 frugum,
936 4607 1068 4667 Saturnia
1082 4606 1179 4666 tellus!

292 4792 297 4802 ι
447 4712 557 4791 Magna
571 4711 679 4781 uirum:
700 4710 756 4770 tibi
768 4729 813 4771 res
825 4712 951 4789 antique
963 4710 1055 4772 laudis
1067 4719 1098 4770 et
1110 4708 1179 4769 artis
