<?xml version="1.0" encoding="UTF-8"?>
<!DOCTYPE html PUBLIC "-//W3C//DTD XHTML 1.0 Transitional//EN"
    "http://www.w3.org/TR/xhtml1/DTD/xhtml1-transitional.dtd">
<html xmlns="http://www.w3.org/1999/xhtml" xml:lang="en" lang="en">
 <head>
  <title>
</title>
<meta http-equiv="Content-Type" content="text/html;charset=utf-8" />
  <meta name='ocr-system' content='tesseract 3.04.00' />
  <meta name='ocr-capabilities' content='ocr_page ocr_carea ocr_par ocr_line ocrx_word'/>
</head>
<body>
  <div class='ocr_page' id='page_1' title='image "./pvirgiliimaroni00wakegoog/pvirgiliimaroni00wakegoog_0279.png"; bbox 0 0 3492 6884; ppageno 0'>
   <div class='ocr_carea' id='block_1_1' title="bbox 468 1786 1274 1878">
    <p class='ocr_par' dir='ltr' id='par_1_1' title="bbox 468 1786 1274 1878">
     <span class='ocr_line' id='line_1_1' title="bbox 468 1786 1274 1878; baseline 0.002 -16"><span class='ocrx_word' id='word_1_1' title='bbox 468 1803 575 1876; x_wconf 77' lang='lat' dir='ltr'>v.s7o.</span> <span class='ocrx_word' id='word_1_2' title='bbox 775 1802 875 1862; x_wconf 80' lang='grc' dir='ltr'><strong>ιιι.</strong></span> <span class='ocrx_word' id='word_1_3' title='bbox 914 1803 971 1862; x_wconf 90' lang='grc' dir='ltr'><strong>ιιι.</strong></span> <span class='ocrx_word' id='word_1_4' title='bbox 1213 1786 1274 1878; x_wconf 80' lang='lat'>269</span> 
     </span>
    </p>
   </div>
   <div class='ocr_carea' id='block_1_2' title="bbox 469 1959 1272 4834">
    <p class='ocr_par' dir='ltr' id='par_1_2' title="bbox 469 1959 1272 4834">
     <span class='ocr_line' id='line_1_2' title="bbox 470 1959 1184 2038; baseline 0 -19"><span class='ocrx_word' id='word_1_5' title='bbox 470 1961 565 2038; x_wconf 84' lang='lat' dir='ltr'>Erigit</span> <span class='ocrx_word' id='word_1_6' title='bbox 576 1959 715 2027; x_wconf 66' lang='lat' dir='ltr'>crustant,</span> <span class='ocrx_word' id='word_1_7' title='bbox 734 1959 946 2037; x_wconf 73' lang='lat' dir='ltr'>liquesa&amp;aque</span> <span class='ocrx_word' id='word_1_8' title='bbox 959 1959 1023 2017; x_wconf 85' lang='lat' dir='ltr'>saxa</span> <span class='ocrx_word' id='word_1_9' title='bbox 1037 1959 1089 2017; x_wconf 91' lang='lat' dir='ltr'>sub</span> <span class='ocrx_word' id='word_1_10' title='bbox 1101 1977 1184 2019; x_wconf 79' lang='lat' dir='ltr'>auras</span> 
     </span>
     <span class='ocr_line' id='line_1_3' title="bbox 472 2062 1234 2142; baseline 0.001 -19"><span class='ocrx_word' id='word_1_11' title='bbox 472 2066 549 2123; x_wconf 86' lang='lat' dir='ltr'>Cum</span> <span class='ocrx_word' id='word_1_12' title='bbox 561 2065 673 2142; x_wconf 83' lang='lat' dir='ltr'>gemitu</span> <span class='ocrx_word' id='word_1_13' title='bbox 687 2064 836 2142; x_wconf 84' lang='lat' dir='ltr'><strong>glomerat,</strong></span> <span class='ocrx_word' id='word_1_14' title='bbox 857 2062 1005 2139; x_wconf 90' lang='lat' dir='ltr'>fundoque</span> <span class='ocrx_word' id='word_1_15' title='bbox 1018 2063 1153 2123; x_wconf 81' lang='lat' dir='ltr'>exaestuat</span> <span class='ocrx_word' id='word_1_16' title='bbox 1164 2066 1234 2124; x_wconf 90' lang='lat' dir='ltr'>imo.</span> 
     </span>
     <span class='ocr_line' id='line_1_4' title="bbox 472 2166 1203 2245; baseline 0.001 -20"><span class='ocrx_word' id='word_1_17' title='bbox 472 2168 558 2227; x_wconf 85' lang='lat' dir='ltr'>Fama</span> <span class='ocrx_word' id='word_1_18' title='bbox 569 2168 619 2237; x_wconf 89' lang='lat' dir='ltr'>est,</span> <span class='ocrx_word' id='word_1_19' title='bbox 639 2167 775 2227; x_wconf 82' lang='lat' dir='ltr'>Enceladi</span> <span class='ocrx_word' id='word_1_20' title='bbox 789 2166 955 2225; x_wconf 87' lang='lat' dir='ltr'>semiustum</span> <span class='ocrx_word' id='word_1_21' title='bbox 968 2166 1091 2224; x_wconf 85' lang='lat' dir='ltr'>fulmine</span> <span class='ocrx_word' id='word_1_22' title='bbox 1101 2186 1203 2245; x_wconf 82' lang='lat' dir='ltr'>corpus</span> 
     </span>
     <span class='ocr_line' id='line_1_5' title="bbox 471 2267 1256 2349; baseline 0.004 -20"><span class='ocrx_word' id='word_1_23' title='bbox 471 2271 598 2349; x_wconf 85' lang='lat' dir='ltr'>Urgueri</span> <span class='ocrx_word' id='word_1_24' title='bbox 611 2271 688 2329; x_wconf 90' lang='lat' dir='ltr'>mole</span> <span class='ocrx_word' id='word_1_25' title='bbox 700 2271 764 2338; x_wconf 88' lang='lat' dir='ltr'>hac,</span> <span class='ocrx_word' id='word_1_26' title='bbox 784 2271 990 2348; x_wconf 83' lang='lat' dir='ltr'>ingentemque</span> <span class='ocrx_word' id='word_1_27' title='bbox 1003 2267 1119 2347; x_wconf 78' lang='lat' dir='ltr'>insup&#39;er</span> <span class='ocrx_word' id='word_1_28' title='bbox 1131 2272 1256 2333; x_wconf 85' lang='lat' dir='ltr'>AEtnam</span> 
     </span>
     <span class='ocr_line' id='line_1_6' title="bbox 471 2372 1192 2452; baseline 0 -20"><span class='ocrx_word' id='word_1_29' title='bbox 471 2375 625 2452; x_wconf 84' lang='lat' dir='ltr'>Inpositam</span> <span class='ocrx_word' id='word_1_30' title='bbox 638 2374 729 2452; x_wconf 82' lang='lat' dir='ltr'>ruptis</span> <span class='ocrx_word' id='word_1_31' title='bbox 742 2376 890 2433; x_wconf 85' lang='lat' dir='ltr'>flammam</span> <span class='ocrx_word' id='word_1_32' title='bbox 902 2372 1044 2450; x_wconf 83' lang='lat' dir='ltr'>exspirare</span> <span class='ocrx_word' id='word_1_33' title='bbox 1057 2374 1192 2447; x_wconf 77' lang='lat' dir='ltr'>caminie3</span> 
     </span>
     <span class='ocr_line' id='line_1_7' title="bbox 470 2476 1268 2556; baseline 0.001 -19"><span class='ocrx_word' id='word_1_34' title='bbox 470 2480 518 2549; x_wconf 86' lang='lat' dir='ltr'>Et,</span> <span class='ocrx_word' id='word_1_35' title='bbox 541 2478 643 2537; x_wconf 88' lang='lat' dir='ltr'>sessum</span> <span class='ocrx_word' id='word_1_36' title='bbox 656 2478 768 2556; x_wconf 76' lang='lat' dir='ltr'>quoties</span> <span class='ocrx_word' id='word_1_37' title='bbox 781 2486 876 2535; x_wconf 82' lang='lat' dir='ltr'>mutet</span> <span class='ocrx_word' id='word_1_38' title='bbox 887 2477 970 2545; x_wconf 82' lang='lat' dir='ltr'>latua,</span> <span class='ocrx_word' id='word_1_39' title='bbox 984 2476 1138 2536; x_wconf 88' lang='lat' dir='ltr'>intremere</span> <span class='ocrx_word' id='word_1_40' title='bbox 1150 2497 1268 2538; x_wconf 91' lang='lat' dir='ltr'>omnem</span> 
     </span>
     <span class='ocr_line' id='line_1_8' title="bbox 470 2580 1254 2648; baseline 0.001 -8"><span class='ocrx_word' id='word_1_41' title='bbox 470 2583 622 2640; x_wconf 86' lang='lat' dir='ltr'>Murmure</span> <span class='ocrx_word' id='word_1_42' title='bbox 634 2581 823 2648; x_wconf 85' lang='lat' dir='ltr'>Trinacriam,</span> <span class='ocrx_word' id='word_1_43' title='bbox 838 2588 868 2638; x_wconf 90' lang='lat' dir='ltr'>et</span> <span class='ocrx_word' id='word_1_44' title='bbox 881 2580 987 2638; x_wconf 87' lang='lat' dir='ltr'>ooelnm</span> <span class='ocrx_word' id='word_1_45' title='bbox 999 2580 1149 2639; x_wconf 85' lang='lat' dir='ltr'>subtexere</span> <span class='ocrx_word' id='word_1_46' title='bbox 1163 2582 1254 2641; x_wconf 92' lang='lat' dir='ltr'>sumo.</span> 
     </span>
     <span class='ocr_line' id='line_1_9' title="bbox 470 2682 1171 2753; baseline -0.003 -8"><span class='ocrx_word' id='word_1_47' title='bbox 470 2686 595 2745; x_wconf 58' lang='lat' dir='ltr'>Nollem</span> <span class='ocrx_word' id='word_1_48' title='bbox 608 2685 699 2753; x_wconf 85' lang='lat' dir='ltr'>illam,</span> <span class='ocrx_word' id='word_1_49' title='bbox 719 2683 788 2742; x_wconf 71' lang='lat' dir='ltr'>testi</span> <span class='ocrx_word' id='word_1_50' title='bbox 802 2682 885 2753; x_wconf 86' lang='lat' dir='ltr'>silvis,</span> <span class='ocrx_word' id='word_1_51' title='bbox 905 2684 1034 2742; x_wconf 70' lang='lat' dir='ltr'>inmania</span> <span class='ocrx_word' id='word_1_52' title='bbox 1047 2685 1171 2744; x_wconf 83' lang='lat' dir='ltr'>monstra</span> 
     </span>
     <span class='ocr_line' id='line_1_10' title="bbox 470 2787 1267 2863; baseline -0.001 -15"><span class='ocrx_word' id='word_1_53' title='bbox 470 2788 655 2858; x_wconf 85' lang='lat' dir='ltr'>Perferimus;</span> <span class='ocrx_word' id='word_1_54' title='bbox 671 2806 733 2858; x_wconf 85' lang='lat' dir='ltr'>nec,</span> <span class='ocrx_word' id='word_1_55' title='bbox 747 2806 811 2863; x_wconf 83' lang='lat' dir='ltr'>quae</span> <span class='ocrx_word' id='word_1_56' title='bbox 823 2787 948 2845; x_wconf 88' lang='lat' dir='ltr'>sonitum</span> <span class='ocrx_word' id='word_1_57' title='bbox 958 2788 1007 2845; x_wconf 88' lang='lat' dir='ltr'>det</span> <span class='ocrx_word' id='word_1_58' title='bbox 1019 2788 1111 2858; x_wconf 86' lang='lat' dir='ltr'>causa,</span> <span class='ocrx_word' id='word_1_59' title='bbox 1122 2789 1267 2849; x_wconf 82' lang='lat' dir='ltr'>videmus:</span> 
     </span>
     <span class='ocr_line' id='line_1_11' title="bbox 470 2890 1269 2968; baseline 0.003 -18"><span class='ocrx_word' id='word_1_60' title='bbox 470 2894 550 2951; x_wconf 90' lang='lat' dir='ltr'>Nam</span> <span class='ocrx_word' id='word_1_61' title='bbox 560 2911 653 2968; x_wconf 87' lang='lat' dir='ltr'>neque</span> <span class='ocrx_word' id='word_1_62' title='bbox 663 2902 742 2949; x_wconf 82' lang='lat' dir='ltr'>erant</span> <span class='ocrx_word' id='word_1_63' title='bbox 751 2890 888 2949; x_wconf 86' lang='lat' dir='ltr'>astrorum</span> <span class='ocrx_word' id='word_1_64' title='bbox 898 2890 987 2967; x_wconf 81' lang='lat' dir='ltr'>igneo,</span> <span class='ocrx_word' id='word_1_65' title='bbox 996 2910 1050 2949; x_wconf 88' lang='lat' dir='ltr'>nec</span> <span class='ocrx_word' id='word_1_66' title='bbox 1059 2892 1171 2952; x_wconf 85' lang='lat' dir='ltr'>lucidus</span> <span class='ocrx_word' id='word_1_67' title='bbox 1180 2893 1269 2952; x_wconf 71' lang='lat' dir='ltr'>ethra</span> 
     </span>
     <span class='ocr_line' id='line_1_12' title="bbox 469 2993 1106 3072; baseline 0 -19"><span class='ocrx_word' id='word_1_68' title='bbox 469 2996 584 3054; x_wconf 74' lang='lat' dir='ltr'>Siderei</span> <span class='ocrx_word' id='word_1_69' title='bbox 597 2995 689 3072; x_wconf 77' lang='lat' dir='ltr'>polus,</span> <span class='ocrx_word' id='word_1_70' title='bbox 709 2994 828 3053; x_wconf 88' lang='lat' dir='ltr'>obscuro</span> <span class='ocrx_word' id='word_1_71' title='bbox 841 2993 889 3051; x_wconf 84' lang='lat' dir='ltr'>sed</span> <span class='ocrx_word' id='word_1_72' title='bbox 903 2994 1003 3052; x_wconf 86' lang='lat' dir='ltr'>nubila</span> <span class='ocrx_word' id='word_1_73' title='bbox 1016 2996 1090 3053; x_wconf 83' lang='lat' dir='ltr'>coelo</span> <span class='ocrx_word' id='word_1_74' title='bbox 1097 3020 1106 3066; x_wconf 65' lang='grc' dir='ltr'><strong><em>ς</em></strong></span> 
     </span>
     <span class='ocr_line' id='line_1_13' title="bbox 469 3098 1170 3176; baseline 0.004 -20"><span class='ocrx_word' id='word_1_75' title='bbox 469 3100 507 3156; x_wconf 88' lang='lat' dir='ltr'>Et</span> <span class='ocrx_word' id='word_1_76' title='bbox 520 3099 619 3157; x_wconf 89' lang='lat' dir='ltr'>lunam</span> <span class='ocrx_word' id='word_1_77' title='bbox 631 3100 663 3156; x_wconf 91' lang='lat' dir='ltr'>in</span> <span class='ocrx_word' id='word_1_78' title='bbox 677 3099 776 3156; x_wconf 89' lang='lat' dir='ltr'>nimbo</span> <span class='ocrx_word' id='word_1_79' title='bbox 790 3117 847 3156; x_wconf 86' lang='lat' dir='ltr'>nox</span> <span class='ocrx_word' id='word_1_80' title='bbox 860 3098 1029 3176; x_wconf 84' lang='lat' dir='ltr'>intempesta</span> <span class='ocrx_word' id='word_1_81' title='bbox 1043 3102 1170 3159; x_wconf 85' lang='lat' dir='ltr'>tenebat.</span> 
     </span>
     <span class='ocr_line' id='line_1_14' title="bbox 509 3201 1154 3281; baseline -0.002 -19"><span class='ocrx_word' id='word_1_82' title='bbox 509 3203 618 3262; x_wconf 84' lang='lat' dir='ltr'>Postera</span> <span class='ocrx_word' id='word_1_83' title='bbox 626 3201 746 3281; x_wconf 84' lang='lat' dir='ltr'>jamque</span> <span class='ocrx_word' id='word_1_84' title='bbox 759 3201 819 3259; x_wconf 81' lang='lat' dir='ltr'>dieo</span> <span class='ocrx_word' id='word_1_85' title='bbox 831 3201 925 3279; x_wconf 87' lang='lat' dir='ltr'>primo</span> <span class='ocrx_word' id='word_1_86' title='bbox 939 3201 1071 3279; x_wconf 83' lang='lat' dir='ltr'>surgebat</span> <span class='ocrx_word' id='word_1_87' title='bbox 1084 3204 1154 3272; x_wconf 88' lang='lat' dir='ltr'>Eoo,</span> 
     </span>
     <span class='ocr_line' id='line_1_15' title="bbox 470 3305 1248 3382; baseline 0.001 -17"><span class='ocrx_word' id='word_1_88' title='bbox 470 3308 708 3382; x_wconf 86' lang='lat' dir='ltr'>Humentemque</span> <span class='ocrx_word' id='word_1_89' title='bbox 721 3307 833 3363; x_wconf 87' lang='lat' dir='ltr'>Aurora</span> <span class='ocrx_word' id='word_1_90' title='bbox 846 3305 913 3382; x_wconf 94' lang='lat' dir='ltr'>polo</span> <span class='ocrx_word' id='word_1_91' title='bbox 930 3305 1089 3364; x_wconf 88' lang='lat' dir='ltr'>dimoverat</span> <span class='ocrx_word' id='word_1_92' title='bbox 1101 3309 1248 3380; x_wconf 71' lang='lat' dir='ltr'>umbram,</span> 
     </span>
     <span class='ocr_line' id='line_1_16' title="bbox 471 3407 1216 3488; baseline 0 -19"><span class='ocrx_word' id='word_1_93' title='bbox 471 3412 573 3469; x_wconf 81' lang='lat' dir='ltr'>Quum</span> <span class='ocrx_word' id='word_1_94' title='bbox 587 3409 681 3468; x_wconf 91' lang='lat' dir='ltr'>subito</span> <span class='ocrx_word' id='word_1_95' title='bbox 694 3428 711 3466; x_wconf 90' lang='lat' dir='ltr'>e</span> <span class='ocrx_word' id='word_1_96' title='bbox 724 3408 809 3477; x_wconf 77' lang='lat' dir='ltr'>silvis,</span> <span class='ocrx_word' id='word_1_97' title='bbox 830 3407 921 3468; x_wconf 86' lang='lat' dir='ltr'>macie</span> <span class='ocrx_word' id='word_1_98' title='bbox 933 3409 1063 3467; x_wconf 63' lang='lat' dir='ltr'>consesta</span> <span class='ocrx_word' id='word_1_99' title='bbox 1077 3409 1216 3488; x_wconf 74' lang='lat' dir='ltr'>supremi,</span> 
     </span>
     <span class='ocr_line' id='line_1_17' title="bbox 471 3512 1181 3590; baseline 0.003 -19"><span class='ocrx_word' id='word_1_100' title='bbox 471 3514 569 3590; x_wconf 86' lang='lat' dir='ltr'>Ignoti</span> <span class='ocrx_word' id='word_1_101' title='bbox 582 3531 656 3571; x_wconf 90' lang='lat' dir='ltr'>nova</span> <span class='ocrx_word' id='word_1_102' title='bbox 670 3513 762 3571; x_wconf 86' lang='lat' dir='ltr'>sonna</span> <span class='ocrx_word' id='word_1_103' title='bbox 776 3512 841 3580; x_wconf 89' lang='lat' dir='ltr'>viri,</span> <span class='ocrx_word' id='word_1_104' title='bbox 861 3512 1077 3588; x_wconf 85' lang='lat' dir='ltr'>miserandaque</span> <span class='ocrx_word' id='word_1_105' title='bbox 1090 3514 1181 3581; x_wconf 90' lang='lat' dir='ltr'>cultu,</span> 
     </span>
     <span class='ocr_line' id='line_1_18' title="bbox 471 3616 1184 3694; baseline 0 -19"><span class='ocrx_word' id='word_1_106' title='bbox 471 3617 611 3686; x_wconf 86' lang='lat' dir='ltr'>Procedit,</span> <span class='ocrx_word' id='word_1_107' title='bbox 631 3616 808 3694; x_wconf 76' lang='lat' dir='ltr'>supplexque</span> <span class='ocrx_word' id='word_1_108' title='bbox 821 3634 923 3673; x_wconf 89' lang='lat' dir='ltr'>manns</span> <span class='ocrx_word' id='word_1_109' title='bbox 935 3617 971 3674; x_wconf 85' lang='lat' dir='ltr'>ad</span> <span class='ocrx_word' id='word_1_110' title='bbox 985 3616 1069 3673; x_wconf 88' lang='lat' dir='ltr'>litora</span> <span class='ocrx_word' id='word_1_111' title='bbox 1083 3618 1184 3675; x_wconf 86' lang='lat' dir='ltr'>tendit.</span> 
     </span>
     <span class='ocr_line' id='line_1_19' title="bbox 471 3718 1200 3798; baseline 0 -19"><span class='ocrx_word' id='word_1_112' title='bbox 471 3720 657 3798; x_wconf 80' lang='lat' dir='ltr'>Respicirnua.</span> <span class='ocrx_word' id='word_1_113' title='bbox 697 3721 767 3778; x_wconf 88' lang='lat' dir='ltr'>Dira</span> <span class='ocrx_word' id='word_1_114' title='bbox 781 3719 903 3787; x_wconf 86' lang='lat' dir='ltr'>illuvies,</span> <span class='ocrx_word' id='word_1_115' title='bbox 922 3718 1091 3795; x_wconf 83' lang='lat' dir='ltr'>inmissaque</span> <span class='ocrx_word' id='word_1_116' title='bbox 1104 3723 1200 3790; x_wconf 84' lang='lat' dir='ltr'>barba,</span> 
     </span>
     <span class='ocr_line' id='line_1_20' title="bbox 471 3822 1193 3900; baseline 0.001 -18"><span class='ocrx_word' id='word_1_117' title='bbox 471 3823 643 3882; x_wconf 90' lang='lat' dir='ltr'>Consertum</span> <span class='ocrx_word' id='word_1_118' title='bbox 656 3833 792 3900; x_wconf 85' lang='lat' dir='ltr'>tegumen</span> <span class='ocrx_word' id='word_1_119' title='bbox 807 3822 893 3900; x_wconf 87' lang='lat' dir='ltr'>spinis</span> <span class='ocrx_word' id='word_1_120' title='bbox 898 3848 905 3893; x_wconf 79' lang='lat'>3</span> <span class='ocrx_word' id='word_1_121' title='bbox 931 3833 961 3880; x_wconf 88' lang='lat' dir='ltr'>at</span> <span class='ocrx_word' id='word_1_122' title='bbox 974 3834 1067 3882; x_wconf 87' lang='lat' dir='ltr'>cetera</span> <span class='ocrx_word' id='word_1_123' title='bbox 1080 3824 1193 3894; x_wconf 80' lang='lat' dir='ltr'>Graius,</span> 
     </span>
     <span class='ocr_line' id='line_1_21' title="bbox 471 3925 1225 4005; baseline -0.001 -19"><span class='ocrx_word' id='word_1_124' title='bbox 471 3929 514 3986; x_wconf 90' lang='lat' dir='ltr'>Ut</span> <span class='ocrx_word' id='word_1_125' title='bbox 527 3929 672 4005; x_wconf 87' lang='lat' dir='ltr'>quondam</span> <span class='ocrx_word' id='word_1_126' title='bbox 686 3928 785 4004; x_wconf 88' lang='lat' dir='ltr'>patriis</span> <span class='ocrx_word' id='word_1_127' title='bbox 798 3928 834 3984; x_wconf 83' lang='lat' dir='ltr'>ad</span> <span class='ocrx_word' id='word_1_128' title='bbox 846 3925 963 4003; x_wconf 85' lang='lat' dir='ltr'>Trojam</span> <span class='ocrx_word' id='word_1_129' title='bbox 978 3927 1074 3984; x_wconf 83' lang='lat' dir='ltr'>mitius</span> <span class='ocrx_word' id='word_1_130' title='bbox 1086 3928 1118 3986; x_wconf 95' lang='lat' dir='ltr'>in</span> <span class='ocrx_word' id='word_1_131' title='bbox 1131 3928 1225 3987; x_wconf 69' lang='lat' dir='ltr'>armis.</span> 
     </span>
     <span class='ocr_line' id='line_1_22' title="bbox 472 4030 1167 4109; baseline 0 -19"><span class='ocrx_word' id='word_1_132' title='bbox 472 4033 565 4109; x_wconf 78' lang='lat' dir='ltr'>Isque,</span> <span class='ocrx_word' id='word_1_133' title='bbox 584 4031 636 4089; x_wconf 91' lang='lat' dir='ltr'>ubi</span> <span class='ocrx_word' id='word_1_134' title='bbox 648 4030 808 4089; x_wconf 82' lang='lat' dir='ltr'>Dardanios</span> <span class='ocrx_word' id='word_1_135' title='bbox 821 4030 936 4089; x_wconf 82' lang='lat' dir='ltr'>habitus</span> <span class='ocrx_word' id='word_1_136' title='bbox 949 4043 979 4089; x_wconf 91' lang='lat' dir='ltr'>et</span> <span class='ocrx_word' id='word_1_137' title='bbox 991 4032 1080 4090; x_wconf 85' lang='lat' dir='ltr'>Troia</span> <span class='ocrx_word' id='word_1_138' title='bbox 1092 4031 1167 4091; x_wconf 80' lang='lat' dir='ltr'>vidit</span> 
     </span>
     <span class='ocr_line' id='line_1_23' title="bbox 472 4133 1259 4212; baseline 0 -19"><span class='ocrx_word' id='word_1_139' title='bbox 472 4137 564 4193; x_wconf 84' lang='lat' dir='ltr'>Arma</span> <span class='ocrx_word' id='word_1_140' title='bbox 576 4134 686 4212; x_wconf 90' lang='lat' dir='ltr'>procul,</span> <span class='ocrx_word' id='word_1_141' title='bbox 700 4133 827 4211; x_wconf 89' lang='lat' dir='ltr'>paullum</span> <span class='ocrx_word' id='word_1_142' title='bbox 842 4135 972 4212; x_wconf 71' lang='lat' dir='ltr'>adspebiu</span> <span class='ocrx_word' id='word_1_143' title='bbox 986 4136 1156 4194; x_wconf 78' lang='lat' dir='ltr'>conterritus</span> <span class='ocrx_word' id='word_1_144' title='bbox 1170 4136 1259 4207; x_wconf 81' lang='lat' dir='ltr'>haefit,</span> 
     </span>
     <span class='ocr_line' id='line_1_24' title="bbox 471 4236 1272 4318; baseline 0.002 -21"><span class='ocrx_word' id='word_1_145' title='bbox 471 4238 683 4314; x_wconf 86' lang='lat' dir='ltr'>Continuitque</span> <span class='ocrx_word' id='word_1_146' title='bbox 697 4239 831 4315; x_wconf 79' lang='lat' dir='ltr'>gradum:</span> <span class='ocrx_word' id='word_1_147' title='bbox 848 4257 916 4294; x_wconf 86' lang='lat' dir='ltr'>mox</span> <span class='ocrx_word' id='word_1_148' title='bbox 931 4236 987 4295; x_wconf 90' lang='lat' dir='ltr'>sese</span> <span class='ocrx_word' id='word_1_149' title='bbox 1000 4241 1036 4297; x_wconf 91' lang='lat' dir='ltr'>ad</span> <span class='ocrx_word' id='word_1_150' title='bbox 1050 4239 1133 4298; x_wconf 88' lang='lat' dir='ltr'>litora</span> <span class='ocrx_word' id='word_1_151' title='bbox 1147 4260 1272 4318; x_wconf 71' lang='lat' dir='ltr'>praeceps</span> 
     </span>
     <span class='ocr_line' id='line_1_25' title="bbox 471 4341 1251 4419; baseline 0.001 -19"><span class='ocrx_word' id='word_1_152' title='bbox 471 4344 548 4401; x_wconf 90' lang='lat' dir='ltr'>Cum</span> <span class='ocrx_word' id='word_1_153' title='bbox 561 4343 642 4412; x_wconf 90' lang='lat' dir='ltr'>sletu,</span> <span class='ocrx_word' id='word_1_154' title='bbox 662 4341 858 4419; x_wconf 68' lang='lat' dir='ltr'>precibusque,</span> <span class='ocrx_word' id='word_1_155' title='bbox 879 4341 974 4398; x_wconf 77' lang='lat' dir='ltr'>tnlitt-</span> <span class='ocrx_word' id='word_1_156' title='bbox 993 4344 1044 4400; x_wconf 86' lang='lat' dir='ltr'>Per</span> <span class='ocrx_word' id='word_1_157' title='bbox 1058 4343 1145 4403; x_wconf 84' lang='lat' dir='ltr'>fidem</span> <span class='ocrx_word' id='word_1_158' title='bbox 1157 4345 1251 4413; x_wconf 84' lang='lat' dir='ltr'>teslor,</span> 
     </span>
     <span class='ocr_line' id='line_1_26' title="bbox 471 4444 1263 4524; baseline 0 -21"><span class='ocrx_word' id='word_1_159' title='bbox 471 4448 524 4504; x_wconf 89' lang='lat' dir='ltr'>Per</span> <span class='ocrx_word' id='word_1_160' title='bbox 538 4446 661 4524; x_wconf 83' lang='lat' dir='ltr'>superos,</span> <span class='ocrx_word' id='word_1_161' title='bbox 682 4457 768 4521; x_wconf 89' lang='lat' dir='ltr'>atque</span> <span class='ocrx_word' id='word_1_162' title='bbox 782 4445 836 4502; x_wconf 90' lang='lat' dir='ltr'>hoc</span> <span class='ocrx_word' id='word_1_163' title='bbox 849 4446 915 4502; x_wconf 70' lang='lat' dir='ltr'>curli</span> <span class='ocrx_word' id='word_1_164' title='bbox 928 4444 1061 4522; x_wconf 86' lang='lat' dir='ltr'>spirabile</span> <span class='ocrx_word' id='word_1_165' title='bbox 1074 4447 1171 4504; x_wconf 92' lang='lat' dir='ltr'>lumen</span> <span class='ocrx_word' id='word_1_166' title='bbox 1177 4472 1185 4516; x_wconf 87' lang='lat'>;</span> <span class='ocrx_word' id='word_1_167' title='bbox 1260 4471 1263 4477; x_wconf 94' lang='lat'>·</span> 
     </span>
     <span class='ocr_line' id='line_1_27' title="bbox 470 4549 1267 4624; baseline -0.003 -16"><span class='ocrx_word' id='word_1_168' title='bbox 470 4550 578 4608; x_wconf 93' lang='lat' dir='ltr'>Tollite</span> <span class='ocrx_word' id='word_1_169' title='bbox 591 4569 647 4618; x_wconf 90' lang='lat' dir='ltr'>me,</span> <span class='ocrx_word' id='word_1_170' title='bbox 666 4549 788 4608; x_wconf 85' lang='lat' dir='ltr'>Teucri:</span> <span class='ocrx_word' id='word_1_171' title='bbox 810 4567 1004 4624; x_wconf 73' lang='lat' dir='ltr'>quascumque</span> <span class='ocrx_word' id='word_1_172' title='bbox 1017 4550 1153 4607; x_wconf 86' lang='lat' dir='ltr'>abducite</span> <span class='ocrx_word' id='word_1_173' title='bbox 1166 4560 1267 4607; x_wconf 78' lang='lat' dir='ltr'>terras.</span> 
     </span>
     <span class='ocr_line' id='line_1_28' title="bbox 471 4652 1244 4720; baseline -0.001 -10"><span class='ocrx_word' id='word_1_174' title='bbox 471 4654 536 4710; x_wconf 90' lang='lat' dir='ltr'>Hoc</span> <span class='ocrx_word' id='word_1_175' title='bbox 551 4652 593 4711; x_wconf 83' lang='lat' dir='ltr'>sat</span> <span class='ocrx_word' id='word_1_176' title='bbox 605 4653 669 4711; x_wconf 85' lang='lat' dir='ltr'>erit.</span> <span class='ocrx_word' id='word_1_177' title='bbox 710 4652 834 4711; x_wconf 85' lang='lat' dir='ltr'>Scio&#39;me</span> <span class='ocrx_word' id='word_1_178' title='bbox 847 4652 956 4710; x_wconf 86' lang='lat' dir='ltr'>Danais</span> <span class='ocrx_word' id='word_1_179' title='bbox 969 4672 985 4709; x_wconf 92' lang='lat' dir='ltr'>e</span> <span class='ocrx_word' id='word_1_180' title='bbox 998 4652 1127 4711; x_wconf 80' lang='lat' dir='ltr'>classibus</span> <span class='ocrx_word' id='word_1_181' title='bbox 1140 4671 1244 4720; x_wconf 89' lang='lat' dir='ltr'>unum,</span> 
     </span>
     <span class='ocr_line' id='line_1_29' title="bbox 470 4755 1082 4834; baseline 0.002 -19"><span class='ocrx_word' id='word_1_182' title='bbox 470 4756 507 4826; x_wconf 77' lang='lat' dir='ltr'>Et</span> <span class='ocrx_word' id='word_1_183' title='bbox 521 4756 598 4815; x_wconf 87' lang='lat' dir='ltr'>bello</span> <span class='ocrx_word' id='word_1_184' title='bbox 612 4756 714 4816; x_wconf 82' lang='lat' dir='ltr'>lliacoa</span> <span class='ocrx_word' id='word_1_185' title='bbox 727 4755 820 4816; x_wconf 84' lang='lat' dir='ltr'>fateor</span> <span class='ocrx_word' id='word_1_186' title='bbox 832 4756 941 4834; x_wconf 77' lang='lat' dir='ltr'>petiisse</span> <span class='ocrx_word' id='word_1_187' title='bbox 956 4758 1082 4816; x_wconf 65' lang='lat' dir='ltr'>Penates.</span> 
     </span>
    </p>
   </div>
   <div class='ocr_carea' id='block_1_3' title="bbox 0 0 1750 6884">
    <p class='ocr_par' dir='ltr' id='par_1_3' title="bbox 0 0 1750 6884">
     <span class='ocr_line' id='line_1_30' title="bbox 0 0 1750 6884; baseline 0 0"><span class='ocrx_word' id='word_1_188' title='bbox 0 0 1750 6884; x_wconf 95' lang='lat' dir='ltr'> </span> 
     </span>
    </p>
   </div>
  </div>
 </body>
</html>
