3492 6884
474 1777 533 1839 208
735 1773 1013 1847 AENEIDOS,
1169 1778 1277 1843 v.5t9.

475 1933 592 1991 Cornua
607 1932 764 1990 velatarum
777 1933 954 1991 obvertimus
967 1940 1167 1997 antennarum,

474 2032 729 2111 Grajugenumque
736 2035 835 2093 domos
842 2034 1026 2112 suspetiaque
1032 2031 1192 2109 linquimus
1198 2048 1276 2088 arva.

515 2135 595 2194 Hinc
608 2136 684 2194 sinus
697 2136 845 2205 Herculei,
865 2137 886 2194 sr
900 2155 965 2195 vera
979 2136 1018 2194 est
1031 2135 1119 2203 sama,
1130 2131 1249 2190 Tarenti

476 2236 621 2297 Cernitur.
661 2239 787 2297 Adtollit
799 2238 828 2297 se
840 2239 906 2296 diva
922 2237 1038 2296 Lacinia
1051 2246 1159 2303 contra,

475 2340 671 2417 Caulonisque
684 2360 769 2409 arces,
789 2350 819 2398 et
833 2340 1015 2418 navifragum
1028 2339 1205 2417 Scylaceum.

474 2442 554 2501 Turn
566 2444 666 2521 procul
679 2463 697 2503 o
709 2443 800 2501 nunu
811 2442 961 2502 Trinacria
974 2442 1100 2502 cernitur
1112 2442 1213 2508 AEtns,

476 2544 514 2602 Et
527 2545 670 2622 gemitum
683 2546 832 2621 ingentem
845 2545 951 2623 pelagi,
972 2544 1139 2622 pulsataque
1152 2544 1217 2601 saxa

475 2647 621 2705 Audimus
633 2648 728 2723 longe,
749 2647 909 2723 frattasque
922 2649 958 2706 ad
971 2648 1056 2705 litora
1069 2666 1166 2716 voces;

474 2749 683 2827 Exsultantque
696 2752 777 2819 vada,
798 2760 886 2828 atque
898 2752 966 2809 aestu
979 2750 1134 2809 miscentur
1145 2768 1249 2809 arenae.

474 2854 512 2911 Et
525 2864 605 2929 pater
619 2852 773 2911 Anchisesr
796 2853 947 2911 Nimirum
960 2853 1022 2911 haec
1035 2853 1085 2910 illa
1099 2852 1275 2929 Charybdim

474 2957 537 3014 Hos
550 2957 680 3014 Helenus
696 2955 834 3033 scopulos,
854 2956 917 3014 haeo
934 2956 1001 3014 saxa
1020 2955 1169 3026 horrenda,
1190 2973 1276 3013 cane·

551 3060 611 3117 bat.

473 3162 593 3239 Eripite,
613 3182 631 3219 o
645 3161 726 3220 sociil
748 3162 913 3239 pariterque
924 3161 1065 3241 insurgite
1078 3162 1173 3222 retnis.
1255 3217 1257 3220 .

473 3268 561 3325 Haud
572 3267 669 3325 minus
681 3286 715 3324 ac
724 3264 790 3343 juffi
804 3266 929 3325 faciunt=
945 3266 1112 3343 primusque
1123 3266 1275 3326 rudentem

473 3370 618 3428 Contorsrt
632 3370 715 3426 laevas
728 3387 841 3445 proram
856 3368 1003 3428 Palinurus
1016 3370 1052 3428 ad
1066 3370 1156 3427 undas
1164 3395 1172 3439 ς

474 3474 590 3530 Laevam
603 3472 704 3529 euntia
719 3470 818 3528 cohors
833 3471 928 3540 remis,
948 3470 1108 3546 ventisque,
1128 3470 1242 3547 petivit.

471 3575 616 3633 Tollimur
629 3574 658 3632 in
673 3573 780 3631 coelum
793 3582 911 3631 curvato
924 3573 1048 3649 gurgite,
1068 3583 1098 3631 et
1111 3573 1189 3634 idem

473 3679 617 3736 Subducta
630 3678 666 3735 ad
679 3674 777 3733 Manis
789 3674 862 3732 imos
876 3674 1029 3731 desidimus
1041 3676 1128 3734 unda.

471 3781 531 3839 Ter
544 3780 651 3859 scopuli
666 3779 821 3836 clamorem
835 3777 910 3834 inter
921 3796 989 3833 cava
1003 3776 1067 3835 saxa
1083 3778 1198 3848 dedere;

472 3883 530 3939 Ter
545 3881 673 3958 spumam
687 3880 795 3947 elisam,
816 3889 845 3936 et
859 3877 983 3936 rorantia
997 3879 1121 3937 vidimus
1134 3880 1212 3938 astra.

473 3985 585 4040 Interea
599 3983 681 4040 fessos
694 3992 797 4039 ventus
810 4001 876 4038 cum
892 3980 949 4037 sole
963 3980 1077 4057 reliquit
1085 4006 1094 4053 ;

471 4084 626 4162 ignarique
640 4083 694 4139 viae
708 4084 869 4159 Cyclopum
885 4083 1046 4141 adlabimur
1058 4084 1123 4142 oris.

512 4190 610 4245 Portus
623 4187 659 4243 ab
673 4183 785 4242 adcetsu
799 4195 950 4242 ventorum
964 4185 1100 4257 inmotus,
1114 4198 1145 4245 et
1157 4186 1259 4265 ingens

471 4290 548 4369 Ipse3
571 4289 617 4347 sod
632 4286 772 4346 horrificis
781 4285 865 4362 juxta
880 4297 962 4344 tonat
975 4287 1068 4347 AEtna
1082 4290 1181 4360 ruinis,

465 4371 676 4467 *Interdumque
687 4385 779 4448 atram
793 4389 952 4466 prorumpit
966 4391 1002 4447 ad
1015 4390 1119 4449 aethera
1134 4394 1252 4463 nubem,

469 4497 600 4557 Turbine
614 4496 774 4552 furnantem
790 4492 881 4567 piceo.
901 4502 930 4548 et
944 4494 1085 4550 candente
1099 4494 1211 4552 favillis:

469 4600 651 4675 Adtollitque
664 4598 763 4674 globos
776 4594 966 4661 flammarum,
987 4605 1017 4651 et
1030 4596 1117 4653 sidera
1132 4596 1249 4662 lambit:

469 4706 619 4772 Interdum
632 4701 770 4780 scopulos,
790 4697 942 4774 avolsaque
956 4696 1062 4756 viscera
1076 4700 1191 4774 montis,
