3492 6884
487 1832 577 1888 nra.
719 1821 944 1881 ncnona
982 1821 1066 1879 vrrr.
1242 1827 1281 1893 29

488 1974 627 2053 Conjugis
638 1974 759 2052 indigno
772 1976 851 2033 Nisae
864 1978 998 2053 deceptus
1010 1992 1105 2032 amore

487 2080 567 2136 Dum
580 2096 691 2154 queror,
706 2088 736 2134 et
749 2079 836 2146 divos,
850 2097 1023 2153 quamquam
1037 2078 1079 2135 nil
1093 2075 1209 2134 testibus
1222 2072 1280 2132 illia

487 2180 607 2251 Profeci,
627 2180 755 2237 extremi
765 2180 889 2237 moriens
902 2190 998 2237 tamen
1010 2180 1148 2254 adloquor
1160 2179 1241 2237 hori·

525 2282 625 2358 Incipe
638 2282 789 2340 Maeualios
801 2301 925 2351 mecum,
944 2301 1007 2339 mea
1021 2282 1102 2351 tibia,
1122 2279 1227 2338 versus.

487 2382 628 2441 Maenalus
641 2392 833 2459 argutumque
847 2402 955 2454 nemus,
975 2383 1114 2459 pinosque
1126 2380 1284 2459 loquentis⁶

486 2486 602 2560 Semper
614 2484 713 2554 habet3
736 2484 846 2560 semper
854 2484 996 2559 pastorum
1009 2483 1059 2540 ille
1072 2482 1152 2541 audit
1160 2501 1279 2553 amores,

487 2588 627 2660 Panaque,
647 2586 697 2659 qui
710 2586 818 2660 primus
831 2586 954 2643 calamos
967 2604 1024 2643 non
1038 2585 1129 2661 passus
1142 2584 1251 2641 inertis.

486 2686 586 2762 Incipe
598 2686 749 2744 Maenalios
760 2705 884 2755 mecum,
904 2706 968 2745 mea
981 2687 1061 2757 tibia,
1076 2686 1179 2745 versus.

485 2788 589 2865 Mopso
601 2787 672 2845 Nisa
685 2789 782 2844 datur:
805 2788 874 2864 quid
888 2807 945 2845 non
958 2788 1101 2889 speremus
1113 2789 1257 2846 amantes?

485 2891 648 2966 Jungcntur
656 2888 717 2966 jam
730 2889 852 2965 gryphes
865 2890 959 2965 equis5
981 2909 1097 2966 avoque
1110 2889 1239 2965 sequenti

485 2993 562 3048 Cum
574 2991 692 3048 canibus
705 2990 801 3047 timidi
814 2990 931 3048 venient
943 2992 978 3047 ad
991 2992 1092 3067 pocula
1105 2992 1205 3049 damae.

446 3076 450 3082 ¹
485 3092 596 3167 Mopse,
617 3110 704 3148 novas
717 3091 813 3147 incide
826 3091 919 3149 faces:
942 3092 996 3148 tibi
1010 3091 1125 3150 ducitur
1137 3111 1219 3149 uxor.

483 3194 599 3269 Sparge,
607 3192 718 3260 marite,
726 3211 825 3249 nuces:
840 3192 895 3250 tibi
903 3193 1005 3251 deserit
1012 3194 1155 3270 Hesperus
1162 3195 1277 3252 OEtarn.

483 3294 584 3369 Incipe
597 3293 748 3350 Maenalios
761 3311 884 3361 mecum,
904 3313 967 3351 mea
982 3295 1062 3364 tibia,
1082 3294 1186 3354 versus.

484 3395 512 3452 Ο
526 3394 615 3469 digno
628 3391 777 3468 conjunfita
790 3392 867 3449 viro!
889 3395 958 3450 dum
972 3396 1091 3471 despicis
1103 3396 1206 3466 omnis,

484 3496 620 3569 Dumque
633 3493 687 3550 tibi
701 3493 740 3548 est
750 3493 817 3550 odio
829 3512 893 3551 mea
901 3495 1002 3563 fistula,
1015 3497 1141 3571 dumque
1153 3497 1279 3574 capellae,

483 3596 695 3669 Hirsutumque
709 3594 901 3670 supercilium,
922 3596 1109 3671 promissaque
1122 3600 1224 3668 barba3

482 3698 548 3757 Nec
560 3714 659 3755 curare
672 3696 759 3753 deum
772 3695 862 3752 credis
876 3696 1006 3754 mortalia
1019 3717 1201 3774 quemquam.

483 3799 583 3875 Incipe
597 3796 747 3855 Maenalios
760 3814 884 3866 mecum,
905 3817 968 3855 mea
982 3799 1063 3867 tibia,
1082 3800 1187 3861 versus.

483 3900 609 3976 Saepibus
622 3899 654 3957 in
667 3898 766 3955 nostris
778 3917 895 3974 parvam
908 3909 936 3955 tc
949 3898 1056 3958 roscida
1069 3902 1153 3970 mala,

483 4004 552 4061 Dux
565 4020 619 4077 ego
632 4000 720 4058 vester
733 4018 819 4069 eram,
839 4000 899 4057 ridi
912 4020 979 4058 cum
992 4014 1083 4060 matre
1094 4004 1257 4082 legentemz

484 4105 569 4162 Alter
581 4105 617 4160 ab
629 4100 783 4158 undecimo
796 4109 859 4158 turn
872 4101 989 4177 mejam
1002 4115 1115 4180 ceperat
1128 4124 1237 4177 annus3

484 4207 551 4282 Jam
564 4202 674 4278 fragilis
687 4212 843 4277 poteratne
858 4203 932 4259 terra
943 4204 1110 4279 contingere
1123 4225 1225 4265 ramos.

484 4307 528 4364 Ut
540 4303 610 4371 vidi,
630 4313 664 4358 ut
676 4302 759 4378 perii,
779 4313 812 4358 ut
824 4321 870 4359 me
884 4305 974 4361 malus
988 4306 1103 4364 abstulit
1115 4310 1204 4365 error!

483 4405 584 4480 Incipe
597 4403 746 4460 Maenalios
755 4422 879 4472 mecum,
899 4423 963 4461 mea
976 4405 1057 4476 tibia,
1077 4408 1180 4466 versus.

485 4508 574 4565 Nunc
588 4504 655 4573 scio,
675 4504 744 4580 quid
758 4504 791 4561 sit
805 4506 911 4561 Amor:
934 4506 1010 4563 duris
1024 4507 1055 4564 in
1068 4510 1180 4567 cotibus
1193 4510 1277 4569 illum

484 4612 548 4667 Aut
560 4608 688 4691 Tmaros,
701 4614 751 4663 aut
762 4605 908 4683 Rhodope,
925 4616 975 4664 aut
988 4610 1110 4668 extremi
1122 4611 1279 4671 Garaman-

565 4718 616 4777 tea,
