3492 6884
273 1856 365 1920 V·37·
528 1846 754 1909 ECLOGA
786 1846 811 1904 I·-
852 1902 855 1908 Α
1045 1854 1064 1909 8

454 2024 459 2034 ·
493 2024 498 2034 ·
519 1997 541 2050 ’Ϊ
584 2023 761 2063 natrnoeoc.
781 2031 784 2040 ·
811 1997 815 2005 ¹
865 2013 869 2023 '

272 2099 412 2171 Mirabar,
430 2102 500 2179 quid
513 2106 608 2164 maesta
620 2107 695 2180 deos,
715 2102 865 2179 Amarylli,
885 2119 1016 2172 nowen

271 2205 330 2295 put
342 2205 466 2283 pendere
479 2206 528 2265 sud
537 2208 673 2285 patereris
685 2207 717 2265 in
731 2208 829 2265 arbore
841 2224 940 2283 poma;
1055 2271 1059 2277 ⁵

271 2289 391 2383 Tityrum
403 2307 471 2380 hinc
483 2311 591 2368 aberat:
614 2309 682 2387 ipsae
693 2320 729 2377 te,
748 2307 857 2385 Tityre,
877 2306 970 2384 pinus,

272 2408 329 2484 lpfi
343 2417 371 2465 te
382 2408 485 2478 sontes,
504 2409 564 2487 ipsa
576 2411 638 2483 baec
651 2412 768 2479 arbusta,
782 2411 931 2469 vocabant.

581 2533 745 2585 ,aternum

273 2614 357 2694 Quid
369 2614 513 2675 facerem?
534 2634 627 2693 neque
639 2617 752 2675 servitio
765 2634 812 2673 me
825 2614 904 2673 exire
916 2614 1029 2682 licebat,

273 2690 339 2775 Ne}
354 2725 412 2774 tam
427 2718 569 2793 paesentis
583 2717 651 2776 alibi
664 2718 831 2794 cognoscere
844 2718 931 2775 divos.

272 2818 332 2876 Hic
344 2817 427 2876 illum
440 2820 500 2877 vidi
508 2818 653 2896 juvenem,
674 2820 818 2887 Meliboee,
832 2816 985 2895 quotannis

273 2921 322 2979 Bis
336 2921 416 2979 senos
429 2922 476 2979 cui
490 2923 581 2981 nostra
595 2924 654 2981 dieo
667 2923 767 2981 altaria
779 2922 902 2979 sumant.

274 3024 340 3092 Hoc
349 3024 423 3082 mihi
437 3024 600 3102 responsum
610 3025 718 3102 primus
732 3023 812 3081 dedit
823 3023 872 3079 ille
884 3019 1008 3098 petenti:

275 3125 390 3195 Pascite,
403 3136 524 3236 utpote,
537 3129 631 3196 boves,
645 3125 739 3204 pueri3
760 3123 922 3200 submittite
933 3133 1037 3198 tauros.
1062 3192 1064 3195 .

435 3290 440 3299 ,
547 3247 550 3252 ·
586 3247 764 3287 narramus.

274 3329 429 3396 Fortunate
442 3329 540 3402 senex;
562 3350 629 3406 ergo
643 3343 691 3389 tua
703 3350 768 3392 rura
778 3330 950 3388 manebunt!

274 3431 312 3488 Et
327 3430 381 3487 tibi
394 3448 498 3505 magna
510 3431 590 3488 satis:
612 3433 743 3505 quamvis
753 3433 824 3508 lapis
836 3432 934 3490 omnia
948 3431 1050 3500 nudus,

274 3531 446 3607 Lirnosoque
458 3532 537 3608 paldo
548 3533 670 3600 obducat
682 3534 783 3608 pascua
793 3532 890 3608 junco,
915 3594 920 3602 ,

275 3633 307 3690 N
307 3652 347 3711 op
357 3632 467 3700 insueta
481 3633 572 3709 gravis
586 3635 738 3691 tentabunt
750 3635 854 3709 pabula
867 3634 953 3705 setas,

275 3736 340 3793 Nec
353 3735 427 3794 mala
436 3736 528 3800 ‚vicini
541 3735 650 3813 pecoris
663 3737 793 3812 contagia
805 3736 921 3794 laedent.

275 3837 429 3894 Fortunate
442 3837 543 3908 senex3
563 3838 612 3896 bic
625 3838 700 3896 inter
712 3838 833 3895 flumina
847 3848 916 3896 nota

275 3939 313 3995 Et
326 3939 414 3996 sontis
427 3938 516 3997 sacros
529 3940 620 4015 frigus
633 3940 759 4016 captabis
771 3959 904 4017 opacum.

274 4041 353 4097 Hinc
367 4040 430 4108 tibi,
451 4061 514 4116 quae
528 4041 636 4117 semper
647 4042 743 4099 vicino
755 4044 791 4100 ab
802 4042 894 4099 limite
907 4042 993 4119 saepes

273 4143 404 4218 Hyblaeis
416 4143 517 4218 apibus
528 4142 629 4200 florem
641 4144 752 4219 depasta
765 4143 862 4211 salicti,

274 4245 353 4320 Saepe
366 4244 421 4301 levi
436 4243 566 4301 somnum
578 4243 707 4301 suadebit
719 4244 793 4302 inire
807 4244 930 4316 susurr03

273 4347 354 4403 Hinc
366 4345 423 4403 alra
436 4345 487 4402 sub
500 4364 570 4422 rupe
583 4355 666 4403 canet
679 4346 825 4405 frondator
837 4348 875 4404 ad
887 4367 981 4406 auras:

262 4448 339 4530 ‘Nee
353 4458 448 4505 tamen
462 4447 569 4505 interea
582 4466 682 4517 raucae,
703 4456 751 4506 tua
765 4468 841 4513 cura,
861 4450 1018 4525 palumbes,

275 4550 339 4608 Nec
352 4569 465 4627 gemere
475 4549 550 4607 aerii
563 4549 677 4607 cessabit
690 4558 783 4608 turtur
796 4553 832 4608 ab
845 4552 934 4612 ulmo.
1058 4617 1064 4626 ,

599 4671 745 4710 arctoos.

276 4755 356 4813 Ante
364 4753 438 4813 leves
450 4772 518 4831 ergo
528 4752 677 4830 pascentur
687 4753 718 4812 in
732 4771 845 4832 aequore
858 4753 944 4824 cervi,
