3492 6884
438 1772 468 1812 v.
482 1762 550 1812 255.
702 1759 706 1764 '
726 1754 825 1812 LIB.
863 1753 905 1812 ΙΙ.
1194 1758 1231 1824 71

442 1908 574 1984 Quaeqne
586 1906 664 1967 levis.
689 1909 844 1967 'Promtum
856 1909 896 1967 est
909 1906 998 1967 octrlis
1009 1905 1174 1984 praediscere
1187 1905 1233 1964 ui-

517 2028 609 2086 ΨΜ»

441 2111 480 2169 Et
492 2111 555 2186 quis
567 2112 615 2170 cui
628 2113 714 2171 color.
749 2115 792 2171 At
805 2113 972 2171 sceleratum
985 2111 1132 2187 exquirere
1145 2110 1236 2187 frigus

440 2213 569 2271 Difficile
582 2215 635 2272 est:
657 2215 746 2291 piceae
759 2225 872 2278 tanturn
887 2216 1002 2290 taxique
1016 2222 1151 2270 nocentes

440 2317 599 2393 Interdum,
620 2329 670 2376 aut
682 2320 773 2376 ederae
786 2319 917 2395 pandunt
930 2317 1045 2393 vestigia
1058 2316 1156 2392 nigrae.

478 2422 534 2479 His
547 2422 755 2491 animadversis,
769 2432 872 2479 terram
886 2422 977 2478 multo
991 2420 1057 2477 ant'e
1069 2427 1216 2477 memento

440 2522 616 2599 Excoquere,
628 2534 659 2580 et
669 2543 786 2600 magnos
800 2522 944 2580 scrobibus
956 2522 1105 2579 concidere
1118 2520 1235 2593 montis,

441 2626 520 2683 Ante
534 2626 676 2703 supinatas
688 2625 814 2701 aquiloni
827 2625 972 2683 ostendere
984 2625 1091 2701 glebas,
1187 2675 1191 2682 .

441 2726 541 2785 Quam
553 2728 653 2785 laetum
665 2728 788 2785 infodias
800 2728 867 2785 vitis
880 2746 979 2804 genus.
1005 2727 1133 2803 Optuma
1145 2724 1225 2804 putri

440 2828 518 2887 Arva
532 2829 604 2886 solo:
626 2830 656 2886 id
669 2829 748 2886 venti
761 2840 871 2897 curant,
892 2830 1050 2906 gelideque
1062 2829 1183 2906 pruinae,

439 2930 478 2987 Et
490 2931 627 2989 labefasla
641 2951 758 2989 movens
771 2932 898 2989 robustus
907 2931 1008 3008 jugera
1022 2931 1117 2990 fossor.

438 3033 491 3102 At,
513 3034 533 3089 sr
547 3053 616 3108 quos
629 3034 705 3091 haud
718 3034 777 3090 nlla
789 3033 862 3091 viros
877 3034 1026 3110 vigilantia
1040 3033 1128 3110 sugit,

439 3134 519 3191 Ante
532 3134 627 3191 locum
640 3134 760 3192 similem
772 3135 937 3209 exquirunt,
951 3136 1002 3192 nbi
1015 3135 1107 3212 prima
1119 3141 1234 3212 paretur
1341 3183 1344 3190 .

437 3236 598 3293 Arboribus
612 3234 698 3312 seges,
718 3247 748 3293 et
760 3257 817 3311 quo
830 3256 891 3293 mos
904 3236 1011 3312 digesta
1023 3238 1146 3307 seratura

438 3337 589 3395 Mutatam
601 3337 734 3412 ignorent
747 3337 840 3394 subito
854 3357 890 3395 ne
905 3336 1011 3395 semina
1025 3350 1156 3396 matrem,

439 3438 522 3497 Quin
536 3438 624 3497 etiarn
637 3439 701 3495 coeli
715 3439 861 3514 regionem
874 3439 905 3495 in
918 3439 1023 3495 cortice
1037 3440 1163 3515 fignant:

437 3537 492 3610 Ut,
513 3560 570 3617 quo
583 3559 703 3616 quaque
716 3542 800 3597 medo
813 3540 930 3608 steterit,
949 3540 1006 3615 qui
1017 3551 1097 3615 parte
1110 3540 1217 3598 calores

438 3644 588 3702 Austrinos
601 3642 708 3710 tulerit,
729 3639 793 3718 uuae
807 3651 886 3719 terga
899 3644 1053 3701 obverterit
1066 3620 1125 3713 axi,

429 3740 617 3804 'Restituantr
632 3746 702 3803 adeo
710 3745 740 3802 in
752 3744 855 3802 teneris
863 3744 1045 3802 consuescere
1053 3745 1178 3802 multum
1185 3743 1236 3803 ests
1270 3783 1273 3787 -

478 3848 619 3916 Collibus,
639 3867 674 3905 an
688 3847 773 3924 plano
787 3847 889 3904 melius
903 3847 937 3903 s1t
950 3866 1055 3923 ponere
1069 3847 1167 3917 vitem,

441 3950 548 4008 Quaere
561 3949 648 4025 prius.
688 3948 718 4006 Si
731 3948 847 4025 pinguis
860 3968 942 4025 agros
955 3951 1100 4005 metabere
1112 3948 1217 4026 campi,

439 4050 534 4110 Densa
549 4052 622 4109 seret
644 4050 675 4107 in
689 4051 775 4108 denso
788 4069 845 4107 non
857 4049 969 4126 segnior
981 4053 1069 4107 ubere
1081 4050 1218 4109 Bacchus.

440 4154 491 4211 Sin
505 4152 623 4211 tumulis
636 4152 745 4210 adclive
758 4152 847 4209 solum
862 4152 1000 4227 collisque
1014 4151 1127 4227 supinos
1135 4175 1144 4223 ς

439 4255 563 4332 Indulge
575 4253 732 4313 ordinibus.
771 4254 836 4311 Nec
855 4252 944 4311 secius
957 4254 1051 4310 omnis
1065 4254 1095 4309 in
1108 4271 1238 4330 unguem

440 4358 599 4417 Arboribus
611 4356 706 4432 positis
719 4355 793 4411 sesto
806 4355 851 4412 via
865 4355 958 4412 limite
972 4356 1103 4431 quadret.

367 4507 371 4515 ,
441 4461 485 4518 Ut
498 4460 579 4535 sape,
599 4457 713 4533 ingenti
726 4457 801 4514 bello
813 4459 903 4531 ipuum
917 4456 1003 4534 longa
1016 4457 1140 4518 cohortis

441 4560 587 4638 Explicuit
600 4559 686 4635 legio,
707 4569 737 4615 et
750 4577 850 4633 campo
863 4558 1057 4634 stetit-agmen
1070 4567 1179 4634 aperto,

440 4663 620 4739 Diroslaeqne
633 4660 717 4729 acies,
736 4678 769 4717 ac
783 4658 840 4717 late
852 4659 974 4719 flusluat
986 4658 1081 4717 omnis
