3492 6884
492 1763 589 1819 Μ
765 1749 1069 1826 ,ΕΝΕΙΒο8,
1219 1757 1327 1826 nm

528 1912 593 1991 Ipse
605 1913 708 1971 urbem
721 1919 828 1989 repeto,
848 1921 879 1970 et
891 1910 993 1988 cingor
1005 1904 1187 1988 fulgentibus
1199 1906 1294 1983 annio.

529 2017 591 2075 Stat
603 2015 684 2075 casua
696 2034 833 2075 renovare
846 2014 949 2085 omnis,
969 2031 1144 2090 omnemque
1157 2011 1263 2070 reverti

529 2121 582 2179 Per
593 2118 720 2197 Trojam,
741 2129 771 2178 et
784 2118 878 2177 rursuo
890 2127 977 2195 caput
989 2116 1130 2195 objetiare
1141 2112 1267 2194 poietin

568 2221 714 2300 Principio
727 2241 829 2290 muros,
850 2220 1026 2297 obscuraque
1038 2220 1141 2280 limina
1154 2228 1253 2297 portae,

529 2327 599 2384 Qua
612 2324 735 2403 greiium
748 2326 918 2394 extuleram,
936 2332 1033 2402 repeto
1038 2349 1047 2396 5
1068 2334 1098 2383 et
1111 2322 1229 2400 vestigia
1240 2330 1317 2382 retro

528 2427 686 2489 Observata
700 2427 801 2504 sequor
812 2447 864 2506 per
876 2428 999 2498 noeiem,
1019 2437 1050 2486 et
1062 2426 1173 2487 lumine
1184 2425 1281 2485 lustro.

528 2532 639 2592 Horror
651 2532 760 2609 ubique
774 2531 895 2601 animoa,
914 2530 997 2590 fimul
1010 2530 1070 2608 ipsa
1087 2529 1198 2589 silentia
1212 2535 1327 2587 terrent

528 2636 602 2694 Inde
615 2636 743 2706 domurn,
766 2636 786 2693 fi
800 2635 875 2693 sorte
887 2636 1001 2711 pedem,
1020 2635 1138 2705 tisorte,
1159 2633 1275 2698 tulisset,

527 2738 580 2797 Me
594 2738 701 2797 refero:
722 2737 870 2797 inruerant
883 2716 988 2810 Danai,
1008 2748 1038 2797 et
1055 2739 1164 2798 tetium
1180 2755 1266 2796 omne
1284 2745 1327 2794 te-

605 2844 723 2901 nebant.

527 2944 612 3008 Ilicet
625 2945 703 3024 ignia
715 2946 789 3005 edan
802 2945 915 3006 summa
927 2946 965 3005 ad
977 2945 1088 3024 fastigia
1100 2955 1188 3004 vento

526 3049 674 3108 Volvitur:
688 3048 1006 3127 exsuperautflammae5
1021 3048 1224 3109 furitaestruad
1234 3066 1325 3106 auras.

527 3153 666 3225 Prooed03
687 3165 718 3211 et
731 3153 836 3211 Priami
849 3152 937 3224 sedeo,
957 3172 1117 3230 arcemque,
1136 3151 1236 3212 reviso.

527 3257 564 3327 Et
573 3255 634 3334 jam
648 3256 805 3335 porticibus
818 3257 915 3315 vacuia
927 3258 1049 3335 Junonis
1061 3257 1148 3334 asylo,

514 3339 665 3419 'Custodes
677 3361 754 3429 reni,
774 3360 897 3419 Phoenix
909 3370 939 3419 et
952 3362 1030 3419 dirus
1043 3359 1146 3419 Ulixen
1273 3394 1275 3398 ·

526 3464 653 3522 Praedam
667 3465 868 3522 adservabant:
891 3465 948 3522 huc
961 3465 1088 3540 undmue
1101 3465 1189 3522 Troia
1202 3482 1281 3540 gara,

525 3568 649 3626 Incenfia
663 3579 759 3645 erepta
773 3568 876 3645 adytis,
896 3567 1057 3644 mensaeque
1070 3568 1198 3637 deorum,

526 3670 713 3747 crateresque
727 3690 796 3729 auro
810 3670 903 3739 solidi,
922 3671 1091 3747 captivaque
1104 3669 1186 3728 vestio

525 3773 714 3851 congeritur:
737 3774 829 3852 pueri,
840 3784 870 3832 et
880 3774 991 3851 pavida
1002 3775 1089 3851 longo
1101 3773 1200 3833 ordine
1210 3782 1325 3844 matter,

526 3876 608 3934 Stant
621 3877 739 3935 circum.

564 3980 660 4038 Ausus
672 3980 742 4055 quin
756 3980 844 4039 etiarn
858 3999 941 4039 voces
949 3979 1055 4058 jaitare
1068 4001 1122 4058 per
1133 3983 1275 4053 umbram,

525 4081 636 4157 Inplevi
650 4083 774 4141 clamore
788 4085 855 4151 vias,
876 4085 1045 4162 maestusque
1057 4086 1202 4155 Creiisam,

523 4184 731 4261 Nequidquam
754 4186 946 4263 ingeminans,
976 4189 1138 4265 iterumque
1160 4189 1323 4267 iterumque

601 4307 711 4346 vocavi.

523 4389 684 4460 Quaerenti,
703 4400 733 4449 et
746 4390 826 4449 tentia
839 4392 918 4451 urbis
931 4392 989 4451 fine
1002 4394 1060 4452 fine
1072 4394 1193 4462 furenti,

525 4491 633 4551 Infelirr
646 4494 838 4564 simulacrum,
857 4504 943 4571 atque
956 4496 1042 4574 ipsrus
1054 4500 1155 4555 umbra
1169 4498 1285 4558 Creirsoe
1317 4535 1333 4560 a

522 4594 590 4655 Visa
605 4579 679 4657 mihi
692 4609 759 4656 ante
771 4598 876 4669 oculos,
897 4608 928 4657 et
940 4600 1008 4657 noti
1021 4598 1111 4675 major
1123 4600 1230 4678 imago.

523 4696 1322 4777 obstupui,netemntqueoomae,etvoxfaucibuhaefit
