3492 6884
474 1780 561 1841 uro.
719 1774 941 1835 acnoon
972 1771 1027 1831 111.
1244 1758 1265 1844 '9

781 1952 952 1992 manneus,

355 2065 358 2070 ·
474 2028 554 2087 Quid
568 2033 677 2091 donfini
691 2034 806 2103 faciant,
827 2038 932 2094 audent
946 2051 1034 2108 quum
1048 2028 1114 2088 talia
1127 2028 1217 2086 fiuesi

471 2130 541 2188 Non
555 2154 608 2209 ego
623 2147 650 2192 te
663 2136 722 2193 ridi
736 2137 884 2203 Damonis,
903 2135 1023 2211 peffime,
1043 2149 1159 2208 caprum

471 2233 609 2311 Excipere
622 2237 739 2307 infidiis,
759 2241 883 2296 multum
895 2238 1016 2294 latrante
1029 2233 1163 2308 Lycisca?

471 2334 518 2403 Et,
539 2356 628 2411 quum
641 2341 802 2409 clamarem,
824 2340 892 2396 Quo
905 2355 982 2395 nunc
995 2336 1022 2392 se
1035 2333 1155 2409 proripit
1166 2333 1229 2389 ille?

469 2435 581 2513 Tityre,
601 2458 670 2515 coge
683 2460 782 2517 pecus;
805 2451 837 2497 tu
849 2439 910 2515 post
923 2437 1030 2495 carecta
1042 2436 1158 2493 latebas.

785 2560 951 2599 unumne.

469 2640 518 2697 An
532 2641 605 2698 mihi
618 2644 758 2701 cantando
771 2644 861 2701 vitius
876 2663 933 2700 non
946 2644 1073 2699 redderet
1085 2640 1143 2709 ille,

470 2741 568 2798 Quem
581 2762 643 2800 mea
656 2745 829 2801 carminibus
842 2743 985 2801 meruisset
998 2743 1098 2809 fistula,
1117 2745 1250 2818 oaprum?

470 2843 498 2899 Si
512 2844 610 2911 nescis,
631 2865 710 2901 meus
722 2846 771 2902 ilie
784 2865 867 2921 caper
880 2845 952 2915 fuit5
973 2854 1002 2901 et
1015 2843 1088 2900 mihi
1101 2843 1214 2901 Damon

468 2945 530 3021 Ipse
543 2945 700 3017 fatebatur3
722 2947 768 3003 sed
782 2949 895 3005 reddere
908 2946 984 3023 poffe
997 2947 1129 3021 negabat.

774 3068 946 3106 nauticas.

467 3147 618 3207 Cantando
631 3160 662 3207 tu
676 3150 776 3207 ilium?
798 3160 846 3208 aut
859 3169 995 3226 umquam
1009 3149 1062 3206 tibi
1075 3148 1167 3205 fistula
1180 3150 1244 3206 ceri

397 3245 399 3249 ’
465 3250 568 3324 Juudta
582 3250 655 3307 fuit?
677 3253 745 3308 Non
759 3251 832 3309 tuin
847 3251 946 3320 triviis,
959 3251 1081 3318 indocte,
1090 3251 1195 3309 solebas
1248 3254 1254 3263 ’

465 3350 600 3407 Stridenti
613 3351 746 3408 miserum
760 3353 859 3429 stipula
872 3353 1028 3427 disperdere
1041 3356 1171 3409 cannen?

782 3471 946 3509 nnuoerns.

464 3552 517 3610 Vis
530 3571 607 3629 ergo,
620 3552 694 3611 inter
706 3572 765 3619 noe,
778 3553 847 3628 quid
858 3552 939 3628 possit
951 3564 1077 3627 uterque,
1090 3553 1211 3611 viciffim

463 3654 667 3730 Experiamur?
701 3657 762 3730 Ego
772 3656 846 3712 hanc
859 3653 979 3711 vitulam
994 3657 1043 3728 (ne
1055 3655 1128 3712 forte
1141 3655 1257 3725 recusa,

463 3756 511 3814 Bis
526 3756 604 3814 veuit
617 3758 652 3813 ad
664 3757 823 3825 mulciram,
835 3756 917 3813 binos
930 3756 980 3812 alit
992 3758 1077 3812 ubere
1091 3756 1178 3831 fetus)

463 3858 598 3934 Depono:
619 3867 650 3915 tu
664 3857 719 3927 dic,
733 3876 846 3915 mecum
859 3876 917 3932 quo
928 3857 1046 3934 pignore
1058 3867 1154 3915 certes.

774 3978 946 4017 ununtcns.

463 4061 510 4118 De
523 4080 608 4137 grege
620 4080 678 4119 uon
691 4062 779 4119 aufim
792 4059 949 4136 quidquam
962 4061 1100 4136 deponere
1112 4071 1224 4121 tecum:

462 4163 509 4220 Est
522 4163 596 4219 mihi
610 4182 731 4238 namque
744 4161 821 4219 domi
834 4171 921 4237 pater,
940 4161 979 4217 est
992 4160 1091 4237 injusta
1105 4168 1242 4236 noverca3

461 4264 566 4340 Bisque
577 4265 623 4321 die
635 4273 785 4321 numerant
798 4264 883 4320 ambo
893 4282 987 4338 pecus,
1001 4263 1073 4320 alter
1085 4275 1114 4321 et
1127 4265 1230 4326 haedoe.

462 4365 570 4422 Verum
582 4365 622 4432 id,
634 4365 711 4440 quod
722 4364 813 4422 multo
827 4373 888 4420 tute
900 4364 958 4440 ipse
971 4361 1096 4421 fatebeie
1108 4365 1207 4444 majus,

465 4466 604 4540 (insanire
617 4466 687 4524 libet
700 4465 835 4541 quoniam
848 4465 915 4537 tibi)
929 4466 1030 4541 pocula
1042 4485 1147 4541 ponam
1168 4525 1172 4532 .

463 4568 578 4645 Fagina,
591 4568 722 4626 caelatum
735 4566 826 4624 divini
838 4585 908 4642 opus
921 4566 1142 4632 Alcimedontis:
