3492 6884
494 1784 607 1849 moy.
725 1841 729 1848 ,
797 1777 897 1838 LIB.
939 1776 993 1836 Ill.
1252 1785 1294 1849 91

495 1932 627 2011 ingentis
640 1932 742 1992 tollent
755 1936 873 2004 aninros,
892 1934 1041 2013 prensique
1054 1933 1204 2009 negabunt

495 2036 621 2096 Verbera
634 2037 713 2095 lenta
725 2038 794 2115 pati,
813 2048 843 2096 et
856 2039 934 2095 duris
946 2054 1044 2114 parere
1057 2036 1171 2113 lupatis.

534 2139 591 2196 Sed
604 2157 660 2197 uon
675 2139 734 2197 ulla
747 2139 838 2216 magis
850 2140 924 2196 vires
937 2137 1072 2196 industria
1085 2137 1190 2205 firmat,

497 2240 598 2298 Quam
610 2241 755 2299 Venerem
767 2251 797 2299 et
810 2242 877 2299 caeci
892 2241 1018 2298 stimulos
1033 2211 1159 2297 ave⁰rtere
1170 2238 1283 2307 amoris,

496 2342 561 2400 Sive
574 2344 673 2411 bourn,
694 2343 750 2401 sive
763 2344 803 2401 cst
816 2344 863 2401 cui
878 2344 985 2420 gratior
997 2342 1064 2400 usuc
1077 2360 1226 2418 equorum.

496 2446 596 2519 Atque
608 2444 674 2503 ideo
688 2456 783 2503 tauros
796 2445 896 2522 procul
909 2455 995 2519 atque
1008 2445 1037 2502 in
1052 2443 1111 2501 sola
1122 2444 1253 2519 relegant

496 2547 611 2618 Pascua,
630 2548 692 2624 post
704 2557 834 2607 montem
849 2546 1019 2624 oppofiturn,
1039 2557 1069 2603 et
1083 2556 1159 2604 trans
1176 2546 1297 2604 flumina

529 2703 534 2712 ,
574 2650 647 2721 lata3

496 2752 560 2809 Aut
572 2754 649 2810 intus
662 2751 770 2811 clausos
782 2753 875 2812 satura
888 2753 924 2811 ad
937 2752 1071 2829 praesepia
1084 2751 1206 2810 servant.

497 2855 598 2930 Carpit
610 2854 689 2912 euim
702 2856 774 2914 vires
787 2855 946 2934 paullatim,
968 2856 1082 2932 uritque
1096 2855 1232 2927 videndo,

498 2956 632 3035 Funina3
665 2976 719 3015 uec
741 2976 892 3015 nemorum
917 2958 1026 3034 patitur
1048 2956 1215 3026 meminisse,
1243 2975 1297 3014 nec

575 3058 679 3119 berbae.

497 3161 639 3219 Dulcibus
651 3162 700 3220 illa
714 3162 832 3239 quidem
845 3161 997 3220 inlecebris
1010 3171 1041 3219 et
1054 3161 1126 3238 saepe
1139 3160 1273 3239 superbos

497 3263 641 3321 Cornibus
653 3264 730 3322 inter
743 3264 771 3322 se
784 3264 891 3340 subigit
904 3264 1054 3321 decernere
1068 3263 1199 3321 amantis.

497 3365 624 3424 Pascitur
636 3365 668 3423 iu
681 3367 786 3441 magna
799 3366 867 3425 silvi
879 3366 1001 3424 formosa
1011 3365 1147 3442 juvenca:

497 3468 546 3526 llli
559 3468 730 3525 alternantes
744 3468 836 3526 multa
848 3469 877 3525 vi
890 3467 989 3544 proelia
1002 3468 1125 3525 miscent

496 3570 676 3628 Vulneribus
688 3560 809 3642 crebris;
829 3570 901 3628 lavit
913 3579 975 3627 ater
987 3589 1104 3647 corpora
1118 3568 1246 3646 finguin

496 3671 644 3749 Versaque
657 3674 688 3730 iu
702 3674 823 3731 obnixos
834 3681 998 3749 urguentur
1010 3691 1117 3730 cornua
1129 3672 1207 3731 vasto

497 3777 576 3835 Cum
586 3776 710 3852 gemitu:
725 3778 845 3833 reboant
855 3775 988 3850 tilvaeque
995 3783 1025 3832 et
1035 3774 1138 3852 longus
1146 3773 1297 3854 olympus.

498 3881 563 3938 Nec
576 3898 638 3938 moe
650 3880 782 3940 bellantis
794 3897 852 3937 una
865 3878 1018 3949 stabilem
1040 3877 1089 3936 sed
1101 3878 1174 3936 alter

497 3982 600 4041 Viuus
612 3982 683 4051 abit,
703 3982 847 4057 longeque
858 3981 966 4058 ignotis
978 3979 1090 4039 exsulat
1102 3979 1168 4050 oria,

498 4084 595 4144 Multa
607 4101 726 4161 gemens
738 4084 937 4160 ignominiam,
951 4082 1106 4159 plagaeque
1118 4080 1232 4161 superbi

497 4186 631 4256 Vibtoris,
651 4196 725 4256 turn,
744 4204 817 4262 quos
830 4184 923 4245 arnisit
934 4184 1055 4254 inultus,
1074 4202 1194 4257 amora,
1280 4228 1282 4232 -

499 4290 537 4346 Et
549 4289 657 4347 stabula
670 4287 835 4364 adspectans
847 4286 942 4364 reguis
957 4286 1074 4345 excellit
1086 4287 1179 4346 avitis.

499 4392 575 4467 Ergo
588 4391 667 4449 omni
681 4392 751 4448 cura
763 4389 836 4446 vires
847 4399 971 4458 exercet,
990 4399 1021 4447 et
1034 4390 1111 4447 inter

488 4495 578 4563 ¹Dura
588 4492 664 4570 jacet
677 4512 787 4570 pernox
798 4492 918 4549 instrato
931 4490 996 4549 saxa
1009 4491 1109 4559 cubili,

500 4596 659 4654 Frondibus
670 4595 785 4653 hirsutis
797 4606 827 4653 et
839 4593 931 4651 carice
943 4592 1037 4669 pallus
1049 4594 1147 4663 acutl3

490 4699 536 4770 ‚Et
550 4709 643 4777 tentat
654 4696 722 4767 sese,
741 4707 828 4773 atque
840 4693 922 4754 irasci
936 4695 966 4751 in
979 4713 1085 4753 cornua
1097 4694 1182 4755 discit
1270 4755 1274 4762 ,
