3492 6884
458 1796 487 1837 v.
500 1785 550 1838 43.
693 1830 698 1842 .
761 1781 814 1840 LI
829 1783 861 1841 B.
901 1782 958 1841 111.
1221 1789 1260 1841 65

445 1935 572 2011 Rumpe
584 1952 677 1994 moras
683 1960 692 2007 3
714 1946 798 1996 vocat
808 1938 924 2015 ingenti
936 1939 1059 1996 clamore
1073 1936 1232 2008 Cithaeron,

456 2038 639 2117 Taygetique
659 2058 753 2109 canes,
773 2042 970 2117 domitrixque
992 2041 1153 2118 Epidaurus
1173 2060 1261 2117 equo-

536 2160 617 2212 num

456 2243 496 2302 Et
507 2262 565 2302 vox
578 2244 698 2303 adsensu
711 2264 862 2305 nemorum
874 2246 1054 2324 ingeminata
1067 2246 1202 2325 remugit.

456 2346 532 2403 Mox
546 2353 643 2405 tamen
656 2348 782 2406 ardentia
795 2349 933 2425 adcingar
945 2349 1041 2407 dicere
1054 2367 1167 2427 pugnae

457 2446 587 2517 Caesaris,
606 2458 637 2506 et
650 2468 756 2507 nomen
770 2451 848 2508 fama
862 2462 906 2509 tot
919 2452 995 2509 ferre
1008 2471 1059 2528 per
1073 2460 1189 2521 annon?

456 2550 687 2628 Tithoniprimd
700 2563 772 2628 quot
785 2553 861 2610 abest
874 2555 910 2611 ab
923 2554 1036 2631 origine
1050 2553 1154 2613 Cesar.

497 2654 553 2711 Seu
563 2654 637 2730 quia,
651 2654 832 2731 Olympiacae
845 2656 964 2713 miratus
977 2656 1095 2733 praemia
1108 2657 1221 2734 palmae,

457 2755 550 2814 Pascit
562 2775 664 2831 equom
687 2756 736 2815 seu
749 2757 823 2834 quie,
844 2758 926 2816 fortis
940 2760 975 2816 ad
990 2767 1092 2827 aratra,
1107 2758 1262 2836 juveuooe3

458 2858 585 2935 Corpora
598 2858 742 2936 praecipue
760 2867 887 2917 matmm
903 2860 990 2937 legat.
1030 2860 1159 2938 Optuma
1175 2871 1263 2921 torvae

455 2960 560 3020 Forma
573 2960 662 3030 bovis,
681 2961 730 3019 cui
744 2971 827 3038 turpe
840 2972 937 3039 caput,
957 2961 1005 3019 cui
1018 2963 1142 3040 plurima
1154 2964 1262 3035 cervix,

457 3064 495 3123 Et
507 3083 625 3123 emtum
637 3075 720 3123 tenus
733 3083 750 3123 a
763 3074 863 3123 mento
876 3065 1000 3141 palearia
1013 3068 1155 3144 pendent3

455 3167 536 3225 'Ibm
546 3167 635 3242 longo
647 3166 743 3224 nullus
755 3166 838 3225 lateri
852 3168 954 3225 modus
961 3194 969 3238 ;
991 3169 1090 3227 omnia
1102 3190 1218 3248 magna,

453 3269 509 3328 Pes
520 3269 624 3339 etiam3
645 3279 675 3327 et
688 3269 813 3327 camuris
826 3269 910 3327 hirtae
924 3270 977 3328 sub
989 3272 1124 3329 cornibus
1137 3292 1229 3332 aures.

456 3370 522 3430 Nec
535 3370 610 3429 mihi
623 3369 770 3448 displiceat
786 3372 906 3428 maculis
920 3371 1039 3449 insignis
1052 3383 1082 3430 et
1095 3374 1171 3444 albo,

456 3474 521 3533 Aut
528 3471 601 3550 juga
614 3473 788 3544 detrefians5
810 3472 1014 3549 interdumque
1027 3474 1124 3552 aspera
1137 3495 1236 3547 cornu,

456 3575 494 3634 Et
506 3575 612 3634 faciem
625 3584 708 3634 tauro
720 3574 850 3652 propior;
870 3595 993 3652 quaeque
1005 3577 1094 3633 ardua
1108 3585 1179 3647 tota,

454 3678 494 3738 Et
507 3677 639 3756 gradiens
652 3678 713 3739 ima
725 3678 813 3736 verrit
826 3678 944 3754 vestigia
958 3679 1059 3737 caudi.

494 3782 581 3840 AEtas
595 3781 738 3839 Lucinam
746 3778 892 3857 justosque
905 3780 967 3856 pati
980 3781 1145 3857 hymenaeos

455 3884 568 3943 Definit
580 3893 648 3942 ante
660 3884 771 3953 decern,
792 3882 853 3958 post
866 3893 989 3957 quatuor
1001 3883 1118 3961 incipit,
1136 3904 1239 3944 annos:

455 3987 558 4045 Cetera
571 4004 625 4044 nee
638 3986 741 4043 fetnrae
754 3983 866 4052 babilis,
888 4003 942 4042 nec
954 3986 1037 4044 fortis
1051 3987 1161 4046 aratris.

454 4090 579 4160 Interea,
599 4086 714 4165 superat
727 4086 863 4165 gregibus
877 4088 947 4145 dum
960 4087 1026 4148 laeta
1035 4087 1180 4165 juventas,

456 4192 538 4251 Solve
549 4210 655 4262 marom
676 4188 761 4247 mitte
773 4189 805 4247 in
818 4190 962 4247 Venerem
975 4192 1110 4266 pecuaria
1122 4193 1244 4268 primus,

454 4295 554 4371 Atque
566 4292 654 4353 aliam
667 4291 773 4351 exalia
787 4291 951 4369 generando
964 4292 1064 4350 suffice
1080 4296 1201 4371 prolem.

454 4366 584 4475 Optuma
597 4415 719 4472 qumque
731 4394 793 4453 dies
806 4394 917 4452 miseris
929 4395 1102 4454 mortalibus
1115 4400 1170 4456 aevi

453 4500 551 4559 Prima
563 4498 655 4577 fugit3
677 4497 801 4556 subeunt
815 4497 919 4564 morbi,
940 4496 1084 4575 tristisque
1096 4499 1233 4572 feneitas,

456 4604 493 4662 Et
507 4604 598 4672 labor,
616 4610 647 4660 et
660 4603 739 4660 durae
751 4600 826 4678 rapit
840 4600 1028 4659 inclementia
1041 4603 1150 4662 mortis.

455 4707 574 4785 Semper
585 4713 681 4776 erunt,
701 4721 824 4781 quarum
836 4701 944 4761 mutari
956 4722 1074 4782 corpora
1086 4706 1170 4765 malie
1176 4732 1186 4779 t
1287 4732 1290 4739 ¹
