3492 6884
490 1783 530 1833 24
710 1773 1011 1843 encoma,
1194 1774 1283 1844 v.76.

490 1926 621 1984 Candida
634 1925 806 1986 succindtam
817 1928 986 1987 latrantibus
997 1926 1117 2004 inguina
1130 1925 1270 1991 monstris,

490 2028 639 2086 Dulichias
652 2029 761 2086 vexisse
774 2042 855 2097 rates,
875 2039 905 2088 et
918 2030 1033 2106 gurgite
1045 2028 1076 2085 in
1088 2029 1148 2086 alto

489 2131 553 2188 Ahl
576 2132 691 2189 timidos
701 2143 801 2191 nautas
814 2135 932 2191 canibus
944 2132 1075 2190 lacerasse
1087 2132 1222 2201 marinis;

488 2234 559 2302 Aut,
579 2242 613 2290 ut
626 2245 749 2292 mutatos
761 2235 847 2292 Terei
860 2234 1016 2291 narraverit
1029 2243 1119 2289 artus:

488 2333 570 2392 Quae
582 2335 626 2391 illi
641 2336 795 2393 Philomela
808 2336 903 2410 dapes,
924 2353 988 2409 quae
1001 2336 1075 2391 dona
1087 2334 1203 2409 pararit,

487 2436 557 2495 Ouo
569 2437 651 2493 cursu
663 2437 771 2494 deserta
784 2436 926 2512 petiverit,
947 2447 976 2491 et
989 2436 1092 2509 quibus
1104 2448 1172 2492 ante

485 2537 592 2595 Infelix
606 2537 654 2595 sua
668 2538 740 2595 tecta
754 2537 1001 2612 supervolitaverit
1013 2536 1085 2593 alis?

485 2636 602 2704 Omnia,
621 2658 694 2713 quae,
715 2639 822 2695 Phoebo
835 2638 979 2713 quondam
992 2638 1161 2708 meditante,
1182 2641 1280 2696 beatus

484 2739 590 2798 Audiit
604 2741 732 2806 Eurotae,
748 2738 885 2814 jussitque
897 2738 1021 2796 ediscere
1033 2739 1137 2807 lauros,

485 2840 540 2897 Ille
552 2839 642 2897 canit:
663 2840 751 2916 pulsae
764 2839 891 2897 referunt
905 2841 940 2896 ad
955 2840 1041 2897 sidera
1055 2842 1156 2899 valles:

485 2943 597 3018 Cogere
608 2942 700 2998 donec
712 2960 777 2998 oves
790 2941 913 3008 stabulis,
927 2960 1135 3018 numerumque
1149 2943 1254 3002 referre

484 3042 578 3120 Jussrt,
590 3054 620 3100 et
633 3042 725 3100 invito
737 3042 866 3122 processit
879 3042 986 3122 Vesper
995 3043 1131 3122 Olympo,

710 3404 935 3470 ECLOGA
974 3407 1043 3465 Vll.

741 3604 1003 3657 MELIBOEUS.

625 3779 800 3835 uenraoeu's.
823 3797 980 3836 conroou.
1000 3798 1138 3841 rurnsrs.

785 3968 963 4008 uaeramus.

483 4051 585 4107 Fonra
599 4049 650 4107 sub
662 4052 763 4127 arguti
775 4052 939 4109 consederat
953 4053 1018 4109 ilice
1032 4053 1172 4129 Daphnis,

480 4152 734 4229 Conpulerantque
765 4172 865 4229 greges
891 4155 1024 4230 Corydon
1048 4165 1077 4210 et
1102 4154 1218 4229 Thyrsis
1243 4155 1274 4211 in

558 4272 649 4311 unum
654 4280 662 4323 5

478 4355 595 4432 Thyrsis
607 4375 681 4424 over,
702 4357 835 4432 Corydon
849 4357 982 4415 distentas
995 4357 1066 4414 laete
1079 4357 1214 4432 capellas:

480 4459 577 4515 Ambo
589 4458 722 4514 florentes
735 4459 875 4528 aetatibus,
898 4460 1022 4515 Arcades
1035 4461 1128 4526 ambe,

480 4560 517 4618 Et
530 4571 643 4617 cantare
653 4578 743 4636 parea,
762 4573 791 4617 et
804 4560 971 4636 respondere
984 4562 1085 4637 parati.

479 4661 537 4720 Hic
548 4661 629 4734 mihi,
650 4662 721 4719 dum
735 4671 844 4721 tenerae
857 4662 980 4721 defendo
993 4680 1009 4719 a
1023 4662 1129 4739 frigore
1142 4671 1259 4738 myrtos,
