<?xml version="1.0" encoding="UTF-8"?>
<!DOCTYPE html PUBLIC "-//W3C//DTD XHTML 1.0 Transitional//EN"
    "http://www.w3.org/TR/xhtml1/DTD/xhtml1-transitional.dtd">
<html xmlns="http://www.w3.org/1999/xhtml" xml:lang="en" lang="en">
 <head>
  <title>
</title>
<meta http-equiv="Content-Type" content="text/html;charset=utf-8" />
  <meta name='ocr-system' content='tesseract 3.04.00' />
  <meta name='ocr-capabilities' content='ocr_page ocr_carea ocr_par ocr_line ocrx_word'/>
</head>
<body>
  <div class='ocr_page' id='page_1' title='image "./pvirgiliimaroni00wakegoog/pvirgiliimaroni00wakegoog_0212.png"; bbox 0 0 3492 6884; ppageno 0'>
   <div class='ocr_carea' id='block_1_1' title="bbox 515 1718 1318 1789">
    <p class='ocr_par' dir='ltr' id='par_1_1' title="bbox 515 1718 1318 1789">
     <span class='ocr_line' id='line_1_1' title="bbox 515 1718 1318 1789; baseline -0.001 -10"><span class='ocrx_word' id='word_1_1' title='bbox 515 1728 578 1779; x_wconf 77' lang='lat'>202</span> <span class='ocrx_word' id='word_1_2' title='bbox 779 1718 1058 1789; x_wconf 86' lang='lat' dir='ltr'>AENElDOS,</span> <span class='ocrx_word' id='word_1_3' title='bbox 1210 1723 1318 1779; x_wconf 67' lang='lat' dir='ltr'>nul.</span> 
     </span>
    </p>
   </div>
   <div class='ocr_carea' id='block_1_2' title="bbox 517 1873 1287 2259">
    <p class='ocr_par' dir='ltr' id='par_1_2' title="bbox 517 1873 1287 2259">
     <span class='ocr_line' id='line_1_2' title="bbox 554 1873 1276 1947; baseline 0 -15"><span class='ocrx_word' id='word_1_4' title='bbox 554 1876 650 1932; x_wconf 80' lang='lat' dir='ltr'>Lucus</span> <span class='ocrx_word' id='word_1_5' title='bbox 663 1873 694 1933; x_wconf 92' lang='lat' dir='ltr'>in</span> <span class='ocrx_word' id='word_1_6' title='bbox 708 1877 779 1934; x_wconf 85' lang='lat' dir='ltr'>urbe</span> <span class='ocrx_word' id='word_1_7' title='bbox 792 1877 850 1935; x_wconf 86' lang='lat' dir='ltr'>fuit</span> <span class='ocrx_word' id='word_1_8' title='bbox 862 1876 966 1947; x_wconf 67' lang='lat' dir='ltr'>medii,</span> <span class='ocrx_word' id='word_1_9' title='bbox 987 1874 1143 1933; x_wconf 79' lang='lat' dir='ltr'>laetiffimur</span> <span class='ocrx_word' id='word_1_10' title='bbox 1155 1875 1276 1945; x_wconf 75' lang='lat' dir='ltr'>umbrae,</span> 
     </span>
     <span class='ocr_line' id='line_1_3' title="bbox 519 1976 1230 2054; baseline -0.004 -18"><span class='ocrx_word' id='word_1_11' title='bbox 519 1977 589 2036; x_wconf 78' lang='lat' dir='ltr'>Quo</span> <span class='ocrx_word' id='word_1_12' title='bbox 602 1976 737 2052; x_wconf 86' lang='lat' dir='ltr'>primum,</span> <span class='ocrx_word' id='word_1_13' title='bbox 752 1977 851 2054; x_wconf 68' lang='lat' dir='ltr'>jaetati</span> <span class='ocrx_word' id='word_1_14' title='bbox 865 1977 950 2036; x_wconf 81' lang='lat' dir='ltr'>undis</span> <span class='ocrx_word' id='word_1_15' title='bbox 962 1987 993 2036; x_wconf 87' lang='lat' dir='ltr'>et</span> <span class='ocrx_word' id='word_1_16' title='bbox 1006 1976 1129 2046; x_wconf 86' lang='lat' dir='ltr'>turbine,</span> <span class='ocrx_word' id='word_1_17' title='bbox 1149 1976 1230 2034; x_wconf 84' lang='lat' dir='ltr'>Poeni</span> 
     </span>
     <span class='ocr_line' id='line_1_4' title="bbox 517 2077 1141 2158; baseline 0 -22"><span class='ocrx_word' id='word_1_18' title='bbox 517 2077 650 2137; x_wconf 84' lang='lat' dir='ltr'>Effudere</span> <span class='ocrx_word' id='word_1_19' title='bbox 662 2079 726 2137; x_wconf 90' lang='lat' dir='ltr'>loco</span> <span class='ocrx_word' id='word_1_20' title='bbox 740 2080 862 2158; x_wconf 80' lang='lat' dir='ltr'>figuum,</span> <span class='ocrx_word' id='word_1_21' title='bbox 882 2081 960 2157; x_wconf 90' lang='lat' dir='ltr'>quod</span> <span class='ocrx_word' id='word_1_22' title='bbox 973 2079 1051 2157; x_wconf 80' lang='lat' dir='ltr'>regia</span> <span class='ocrx_word' id='word_1_23' title='bbox 1064 2080 1141 2156; x_wconf 91' lang='lat' dir='ltr'>Juno</span> 
     </span>
     <span class='ocr_line' id='line_1_5' title="bbox 517 2180 1287 2259; baseline 0.001 -20"><span class='ocrx_word' id='word_1_24' title='bbox 517 2180 699 2251; x_wconf 87' lang='lat' dir='ltr'>Monstrarat,</span> <span class='ocrx_word' id='word_1_25' title='bbox 719 2191 806 2259; x_wconf 84' lang='lat' dir='ltr'>caput</span> <span class='ocrx_word' id='word_1_26' title='bbox 817 2182 889 2240; x_wconf 90' lang='lat' dir='ltr'>acris</span> <span class='ocrx_word' id='word_1_27' title='bbox 901 2181 969 2258; x_wconf 87' lang='lat' dir='ltr'>equi</span> <span class='ocrx_word' id='word_1_28' title='bbox 974 2207 983 2254; x_wconf 80' lang='lat'>3</span> <span class='ocrx_word' id='word_1_29' title='bbox 1005 2182 1043 2239; x_wconf 88' lang='lat' dir='ltr'>fic</span> <span class='ocrx_word' id='word_1_30' title='bbox 1056 2200 1124 2239; x_wconf 87' lang='lat' dir='ltr'>nam</span> <span class='ocrx_word' id='word_1_31' title='bbox 1137 2180 1199 2238; x_wconf 86' lang='lat' dir='ltr'>fore</span> <span class='ocrx_word' id='word_1_32' title='bbox 1211 2181 1287 2240; x_wconf 85' lang='lat' dir='ltr'>bello</span> 
     </span>
    </p>
   </div>
   <div class='ocr_carea' id='block_1_3' title="bbox 417 2282 1283 2375">
    <p class='ocr_par' dir='ltr' id='par_1_3' title="bbox 417 2282 1283 2375">
     <span class='ocr_line' id='line_1_6' title="bbox 417 2282 1283 2375; baseline 0.006 -36"><span class='ocrx_word' id='word_1_33' title='bbox 417 2366 425 2375; x_wconf 33' lang='grc'><strong>.</strong></span> <span class='ocrx_word' id='word_1_34' title='bbox 517 2282 681 2375; x_wconf 81' lang='lat' dir='ltr'>Egregiam,</span> <span class='ocrx_word' id='word_1_35' title='bbox 701 2294 731 2342; x_wconf 89' lang='lat' dir='ltr'>et</span> <span class='ocrx_word' id='word_1_36' title='bbox 743 2284 859 2342; x_wconf 85' lang='lat' dir='ltr'>facilem</span> <span class='ocrx_word' id='word_1_37' title='bbox 872 2283 958 2353; x_wconf 65' lang='lat' dir='ltr'>vitiu,</span> <span class='ocrx_word' id='word_1_38' title='bbox 977 2303 1027 2361; x_wconf 86' lang='lat' dir='ltr'>per</span> <span class='ocrx_word' id='word_1_39' title='bbox 1041 2282 1142 2342; x_wconf 81' lang='lat' dir='ltr'>saecula</span> <span class='ocrx_word' id='word_1_40' title='bbox 1155 2293 1283 2359; x_wconf 81' lang='lat' dir='ltr'><strong>gentem.</strong></span> 
     </span>
    </p>
   </div>
   <div class='ocr_carea' id='block_1_4' title="bbox 480 2384 1314 4694">
    <p class='ocr_par' dir='ltr' id='par_1_4' title="bbox 517 2384 1190 2463">
     <span class='ocr_line' id='line_1_7' title="bbox 517 2384 1190 2463; baseline -0.003 -18"><span class='ocrx_word' id='word_1_41' title='bbox 517 2384 576 2445; x_wconf 88' lang='lat' dir='ltr'>Hic</span> <span class='ocrx_word' id='word_1_42' title='bbox 589 2385 732 2462; x_wconf 89' lang='lat' dir='ltr'>templum</span> <span class='ocrx_word' id='word_1_43' title='bbox 744 2386 852 2463; x_wconf 90' lang='lat' dir='ltr'>Junoni</span> <span class='ocrx_word' id='word_1_44' title='bbox 866 2386 969 2463; x_wconf 81' lang='lat' dir='ltr'>ingena</span> <span class='ocrx_word' id='word_1_45' title='bbox 982 2385 1098 2444; x_wconf 87' lang='lat' dir='ltr'>Sidonia</span> <span class='ocrx_word' id='word_1_46' title='bbox 1111 2385 1190 2444; x_wconf 89' lang='lat' dir='ltr'>Dido</span> 
     </span>
    </p>

    <p class='ocr_par' dir='ltr' id='par_1_5' title="bbox 516 2486 1236 2565">
     <span class='ocr_line' id='line_1_8' title="bbox 516 2486 1236 2565; baseline 0.001 -21"><span class='ocrx_word' id='word_1_47' title='bbox 516 2487 677 2556; x_wconf 84' lang='lat' dir='ltr'>Condebat,</span> <span class='ocrx_word' id='word_1_48' title='bbox 697 2487 778 2545; x_wconf 88' lang='lat' dir='ltr'>donis</span> <span class='ocrx_word' id='word_1_49' title='bbox 790 2489 961 2565; x_wconf 87' lang='lat' dir='ltr'>opulentum</span> <span class='ocrx_word' id='word_1_50' title='bbox 973 2498 1003 2546; x_wconf 87' lang='lat' dir='ltr'>et</span> <span class='ocrx_word' id='word_1_51' title='bbox 1015 2487 1136 2547; x_wconf 91' lang='lat' dir='ltr'>numine</span> <span class='ocrx_word' id='word_1_52' title='bbox 1148 2486 1236 2546; x_wconf 78' lang='lat' dir='ltr'>divae:</span> 
     </span>
    </p>

    <p class='ocr_par' dir='ltr' id='par_1_6' title="bbox 515 2588 1251 2667">
     <span class='ocr_line' id='line_1_9' title="bbox 515 2588 1251 2667; baseline 0.003 -21"><span class='ocrx_word' id='word_1_53' title='bbox 515 2588 605 2647; x_wconf 83' lang='lat' dir='ltr'>AErea</span> <span class='ocrx_word' id='word_1_54' title='bbox 616 2588 663 2646; x_wconf 89' lang='lat' dir='ltr'>cui</span> <span class='ocrx_word' id='word_1_55' title='bbox 676 2589 810 2666; x_wconf 81' lang='lat' dir='ltr'>gradibus</span> <span class='ocrx_word' id='word_1_56' title='bbox 823 2589 975 2667; x_wconf 84' lang='lat' dir='ltr'>surgebant</span> <span class='ocrx_word' id='word_1_57' title='bbox 986 2589 1097 2661; x_wconf 89' lang='lat' dir='ltr'>limina,</span> <span class='ocrx_word' id='word_1_58' title='bbox 1117 2589 1251 2666; x_wconf 75' lang='lat' dir='ltr'>nixaeque</span> 
     </span>
    </p>

    <p class='ocr_par' dir='ltr' id='par_1_7' title="bbox 517 2690 1185 2750">
     <span class='ocr_line' id='line_1_10' title="bbox 517 2690 1185 2750; baseline 0.001 -2"><span class='ocrx_word' id='word_1_59' title='bbox 517 2690 591 2748; x_wconf 85' lang='lat' dir='ltr'>AEre</span> <span class='ocrx_word' id='word_1_60' title='bbox 606 2693 711 2749; x_wconf 87' lang='lat' dir='ltr'>trabes:</span> <span class='ocrx_word' id='word_1_61' title='bbox 733 2690 842 2749; x_wconf 76' lang='lat' dir='ltr'>foribus</span> <span class='ocrx_word' id='word_1_62' title='bbox 855 2693 940 2750; x_wconf 88' lang='lat' dir='ltr'>cardo</span> <span class='ocrx_word' id='word_1_63' title='bbox 953 2692 1086 2750; x_wconf 81' lang='lat' dir='ltr'>stridebat</span> <span class='ocrx_word' id='word_1_64' title='bbox 1098 2692 1185 2750; x_wconf 70' lang='lat' dir='ltr'>aenis.</span> 
     </span>
    </p>

    <p class='ocr_par' dir='ltr' id='par_1_8' title="bbox 515 2792 1242 2869">
     <span class='ocr_line' id='line_1_11' title="bbox 515 2792 1242 2869; baseline 0.006 -20"><span class='ocrx_word' id='word_1_65' title='bbox 515 2792 582 2850; x_wconf 91' lang='lat' dir='ltr'>Hoc</span> <span class='ocrx_word' id='word_1_66' title='bbox 594 2793 722 2869; x_wconf 90' lang='lat' dir='ltr'>primum</span> <span class='ocrx_word' id='word_1_67' title='bbox 734 2793 765 2851; x_wconf 91' lang='lat' dir='ltr'>in</span> <span class='ocrx_word' id='word_1_68' title='bbox 778 2794 843 2852; x_wconf 80' lang='lat' dir='ltr'>luno</span> <span class='ocrx_word' id='word_1_69' title='bbox 857 2813 930 2852; x_wconf 84' lang='lat' dir='ltr'>nova</span> <span class='ocrx_word' id='word_1_70' title='bbox 944 2813 987 2852; x_wconf 85' lang='lat' dir='ltr'>res</span> <span class='ocrx_word' id='word_1_71' title='bbox 999 2794 1095 2852; x_wconf 85' lang='lat' dir='ltr'>oblata</span> <span class='ocrx_word' id='word_1_72' title='bbox 1107 2795 1242 2853; x_wconf 87' lang='lat' dir='ltr'>timorem</span> 
     </span>
    </p>

    <p class='ocr_par' dir='ltr' id='par_1_9' title="bbox 516 2894 1215 2972">
     <span class='ocr_line' id='line_1_12' title="bbox 516 2894 1215 2972; baseline 0.001 -19"><span class='ocrx_word' id='word_1_73' title='bbox 516 2894 629 2966; x_wconf 72' lang='lat' dir='ltr'>leniit,</span> <span class='ocrx_word' id='word_1_74' title='bbox 649 2894 698 2953; x_wconf 89' lang='lat' dir='ltr'>hic</span> <span class='ocrx_word' id='word_1_75' title='bbox 709 2894 835 2971; x_wconf 87' lang='lat' dir='ltr'>primum</span> <span class='ocrx_word' id='word_1_76' title='bbox 848 2896 958 2954; x_wconf 85' lang='lat' dir='ltr'>AEneas</span> <span class='ocrx_word' id='word_1_77' title='bbox 971 2895 1081 2972; x_wconf 88' lang='lat' dir='ltr'>sperare</span> <span class='ocrx_word' id='word_1_78' title='bbox 1094 2896 1215 2954; x_wconf 86' lang='lat' dir='ltr'>salutem</span> 
     </span>
    </p>

    <p class='ocr_par' dir='ltr' id='par_1_10' title="bbox 516 2996 1182 3066">
     <span class='ocr_line' id='line_1_13' title="bbox 516 2996 1182 3066; baseline 0.003 -12"><span class='ocrx_word' id='word_1_79' title='bbox 516 2996 621 3066; x_wconf 81' lang='lat' dir='ltr'>Ausus,</span> <span class='ocrx_word' id='word_1_80' title='bbox 638 3006 668 3054; x_wconf 91' lang='lat' dir='ltr'>et</span> <span class='ocrx_word' id='word_1_81' title='bbox 681 2997 803 3054; x_wconf 71' lang='lat' dir='ltr'>adflietia</span> <span class='ocrx_word' id='word_1_82' title='bbox 815 2997 919 3055; x_wconf 82' lang='lat' dir='ltr'>melius</span> <span class='ocrx_word' id='word_1_83' title='bbox 932 2997 1075 3056; x_wconf 84' lang='lat' dir='ltr'>confidere</span> <span class='ocrx_word' id='word_1_84' title='bbox 1088 3001 1182 3057; x_wconf 79' lang='lat' dir='ltr'>rebus.</span> 
     </span>
    </p>

    <p class='ocr_par' dir='ltr' id='par_1_11' title="bbox 514 3098 1314 3178">
     <span class='ocr_line' id='line_1_14' title="bbox 514 3098 1314 3178; baseline 0.003 -21"><span class='ocrx_word' id='word_1_85' title='bbox 514 3098 659 3174; x_wconf 82' lang='lat' dir='ltr'>Namque,</span> <span class='ocrx_word' id='word_1_86' title='bbox 680 3098 732 3156; x_wconf 92' lang='lat' dir='ltr'>sub</span> <span class='ocrx_word' id='word_1_87' title='bbox 745 3099 858 3176; x_wconf 80' lang='lat' dir='ltr'>ingenti</span> <span class='ocrx_word' id='word_1_88' title='bbox 870 3099 969 3157; x_wconf 86' lang='lat' dir='ltr'>lustrat</span> <span class='ocrx_word' id='word_1_89' title='bbox 981 3100 1051 3157; x_wconf 91' lang='lat' dir='ltr'>dum</span> <span class='ocrx_word' id='word_1_90' title='bbox 1069 3099 1179 3176; x_wconf 79' lang='lat' dir='ltr'>lingula</span> <span class='ocrx_word' id='word_1_91' title='bbox 1197 3101 1314 3178; x_wconf 88' lang='lat' dir='ltr'>templo,</span> 
     </span>
    </p>

    <p class='ocr_par' dir='ltr' id='par_1_12' title="bbox 515 3201 1281 3278">
     <span class='ocr_line' id='line_1_15' title="bbox 515 3201 1281 3278; baseline 0.001 -19"><span class='ocrx_word' id='word_1_92' title='bbox 515 3201 658 3278; x_wconf 79' lang='lat' dir='ltr'>Reginam</span> <span class='ocrx_word' id='word_1_93' title='bbox 671 3202 830 3278; x_wconf 85' lang='lat' dir='ltr'>opperiens,</span> <span class='ocrx_word' id='word_1_94' title='bbox 850 3202 930 3271; x_wconf 86' lang='lat' dir='ltr'>dum,</span> <span class='ocrx_word' id='word_1_95' title='bbox 951 3221 1016 3276; x_wconf 83' lang='lat' dir='ltr'>quae</span> <span class='ocrx_word' id='word_1_96' title='bbox 1030 3201 1146 3260; x_wconf 89' lang='lat' dir='ltr'>fortuna</span> <span class='ocrx_word' id='word_1_97' title='bbox 1159 3203 1193 3259; x_wconf 85' lang='lat' dir='ltr'>srt</span> <span class='ocrx_word' id='word_1_98' title='bbox 1206 3203 1281 3272; x_wconf 89' lang='lat' dir='ltr'>urbi,</span> 
     </span>
    </p>

    <p class='ocr_par' dir='ltr' id='par_1_13' title="bbox 480 3285 1314 3380">
     <span class='ocr_line' id='line_1_16' title="bbox 480 3285 1314 3380; baseline 0.002 -18"><span class='ocrx_word' id='word_1_99' title='bbox 480 3285 482 3288; x_wconf 22' lang='grc' dir='ltr'>Ι</span> <span class='ocrx_word' id='word_1_100' title='bbox 515 3303 728 3379; x_wconf 86' lang='lat' dir='ltr'>Artificumque</span> <span class='ocrx_word' id='word_1_101' title='bbox 741 3323 842 3361; x_wconf 82' lang='lat' dir='ltr'>manus</span> <span class='ocrx_word' id='word_1_102' title='bbox 852 3303 929 3361; x_wconf 87' lang='lat' dir='ltr'>inter</span> <span class='ocrx_word' id='word_1_103' title='bbox 941 3302 979 3371; x_wconf 88' lang='lat' dir='ltr'>se,</span> <span class='ocrx_word' id='word_1_104' title='bbox 991 3321 1166 3380; x_wconf 85' lang='lat' dir='ltr'>openmrque</span> <span class='ocrx_word' id='word_1_105' title='bbox 1176 3303 1314 3375; x_wconf 84' lang='lat' dir='ltr'>laborem,</span> 
     </span>
    </p>

    <p class='ocr_par' dir='ltr' id='par_1_14' title="bbox 515 3404 1158 3482">
     <span class='ocr_line' id='line_1_17' title="bbox 515 3404 1158 3482; baseline -0.003 -18"><span class='ocrx_word' id='word_1_106' title='bbox 515 3406 648 3476; x_wconf 83' lang='lat' dir='ltr'>Miratur,</span> <span class='ocrx_word' id='word_1_107' title='bbox 669 3407 748 3463; x_wconf 88' lang='lat' dir='ltr'>videt</span> <span class='ocrx_word' id='word_1_108' title='bbox 761 3405 861 3463; x_wconf 82' lang='lat' dir='ltr'>Iliacas</span> <span class='ocrx_word' id='word_1_109' title='bbox 875 3423 911 3462; x_wconf 86' lang='lat' dir='ltr'>ex</span> <span class='ocrx_word' id='word_1_110' title='bbox 924 3404 1024 3462; x_wconf 86' lang='lat' dir='ltr'>ordine</span> <span class='ocrx_word' id='word_1_111' title='bbox 1036 3423 1158 3482; x_wconf 79' lang='lat' dir='ltr'>pugnas,</span> 
     </span>
    </p>

    <p class='ocr_par' dir='ltr' id='par_1_15' title="bbox 514 3507 1228 3586">
     <span class='ocr_line' id='line_1_18' title="bbox 514 3507 1228 3586; baseline -0.001 -20"><span class='ocrx_word' id='word_1_112' title='bbox 514 3509 651 3585; x_wconf 81' lang='lat' dir='ltr'>Bellaque</span> <span class='ocrx_word' id='word_1_113' title='bbox 659 3507 720 3586; x_wconf 85' lang='lat' dir='ltr'>jam</span> <span class='ocrx_word' id='word_1_114' title='bbox 734 3508 810 3566; x_wconf 71' lang='lat' dir='ltr'>fama</span> <span class='ocrx_word' id='word_1_115' title='bbox 824 3518 919 3565; x_wconf 91' lang='lat' dir='ltr'>totum</span> <span class='ocrx_word' id='word_1_116' title='bbox 931 3507 1045 3583; x_wconf 84' lang='lat' dir='ltr'>volgata</span> <span class='ocrx_word' id='word_1_117' title='bbox 1057 3525 1108 3583; x_wconf 90' lang='lat' dir='ltr'>per</span> <span class='ocrx_word' id='word_1_118' title='bbox 1120 3509 1228 3579; x_wconf 90' lang='lat' dir='ltr'>orbem,</span> 
     </span>
    </p>

    <p class='ocr_par' dir='ltr' id='par_1_16' title="bbox 514 3608 1313 3771">
     <span class='ocr_line' id='line_1_19' title="bbox 514 3608 1313 3687; baseline -0.001 -18"><span class='ocrx_word' id='word_1_119' title='bbox 514 3612 642 3680; x_wconf 85' lang='lat' dir='ltr'>Atridas,</span> <span class='ocrx_word' id='word_1_120' title='bbox 662 3612 875 3687; x_wconf 86' lang='lat' dir='ltr'>Priamumque,</span> <span class='ocrx_word' id='word_1_121' title='bbox 894 3617 924 3666; x_wconf 88' lang='lat' dir='ltr'>et</span> <span class='ocrx_word' id='word_1_122' title='bbox 937 3608 1045 3666; x_wconf 75' lang='lat' dir='ltr'>saevum</span> <span class='ocrx_word' id='word_1_123' title='bbox 1058 3610 1197 3666; x_wconf 79' lang='lat' dir='ltr'>ambobus</span> <span class='ocrx_word' id='word_1_124' title='bbox 1209 3610 1313 3668; x_wconf 81' lang='lat' dir='ltr'>Achil-</span> 
     </span>
     <span class='ocr_line' id='line_1_20' title="bbox 590 3715 658 3771; baseline -0.015 -1"><span class='ocrx_word' id='word_1_125' title='bbox 590 3715 658 3771; x_wconf 90' lang='lat' dir='ltr'>lem.</span> 
     </span>
    </p>

    <p class='ocr_par' dir='ltr' id='par_1_17' title="bbox 513 3814 1312 3986">
     <span class='ocr_line' id='line_1_21' title="bbox 513 3814 1312 3892; baseline 0 -17"><span class='ocrx_word' id='word_1_126' title='bbox 513 3818 662 3888; x_wconf 76' lang='lat' dir='ltr'>Constitit,</span> <span class='ocrx_word' id='word_1_127' title='bbox 690 3827 720 3874; x_wconf 86' lang='lat' dir='ltr'>et</span> <span class='ocrx_word' id='word_1_128' title='bbox 740 3817 901 3887; x_wconf 84' lang='lat' dir='ltr'>lacrimans,</span> <span class='ocrx_word' id='word_1_129' title='bbox 923 3814 999 3874; x_wconf 77' lang='lat' dir='ltr'>Quis</span> <span class='ocrx_word' id='word_1_130' title='bbox 1017 3814 1078 3891; x_wconf 86' lang='lat' dir='ltr'>jam</span> <span class='ocrx_word' id='word_1_131' title='bbox 1099 3816 1187 3886; x_wconf 84' lang='lat' dir='ltr'>locus,</span> <span class='ocrx_word' id='word_1_132' title='bbox 1207 3815 1312 3892; x_wconf 90' lang='lat' dir='ltr'>inquit,</span> 
     </span>
     <span class='ocr_line' id='line_1_22' title="bbox 590 3919 712 3986; baseline -0.008 -9"><span class='ocrx_word' id='word_1_133' title='bbox 590 3919 712 3986; x_wconf 80' lang='lat' dir='ltr'>Achate,</span> 
     </span>
    </p>

    <p class='ocr_par' dir='ltr' id='par_1_18' title="bbox 514 4018 1224 4100">
     <span class='ocr_line' id='line_1_23' title="bbox 514 4018 1224 4100; baseline -0.004 -21"><span class='ocrx_word' id='word_1_134' title='bbox 514 4021 591 4080; x_wconf 77' lang='lat' dir='ltr'>Quae</span> <span class='ocrx_word' id='word_1_135' title='bbox 604 4021 682 4096; x_wconf 86' lang='lat' dir='ltr'>regio</span> <span class='ocrx_word' id='word_1_136' title='bbox 693 4020 724 4077; x_wconf 90' lang='lat' dir='ltr'>in</span> <span class='ocrx_word' id='word_1_137' title='bbox 739 4019 819 4076; x_wconf 85' lang='lat' dir='ltr'>terris</span> <span class='ocrx_word' id='word_1_138' title='bbox 834 4018 918 4076; x_wconf 88' lang='lat' dir='ltr'>nostrl</span> <span class='ocrx_word' id='word_1_139' title='bbox 933 4037 991 4075; x_wconf 92' lang='lat' dir='ltr'>non</span> <span class='ocrx_word' id='word_1_140' title='bbox 1004 4019 1088 4100; x_wconf 88' lang='lat' dir='ltr'>plena</span> <span class='ocrx_word' id='word_1_141' title='bbox 1103 4019 1224 4078; x_wconf 86' lang='lat' dir='ltr'>laboris.&gt;</span> 
     </span>
    </p>

    <p class='ocr_par' dir='ltr' id='par_1_19' title="bbox 513 4120 1270 4197">
     <span class='ocr_line' id='line_1_24' title="bbox 513 4120 1270 4197; baseline -0.004 -16"><span class='ocrx_word' id='word_1_142' title='bbox 513 4124 558 4181; x_wconf 89' lang='lat' dir='ltr'>En</span> <span class='ocrx_word' id='word_1_143' title='bbox 572 4122 708 4180; x_wconf 81' lang='lat' dir='ltr'>Priamusl</span> <span class='ocrx_word' id='word_1_144' title='bbox 731 4123 804 4179; x_wconf 90' lang='lat' dir='ltr'>Sunt</span> <span class='ocrx_word' id='word_1_145' title='bbox 817 4120 865 4178; x_wconf 88' lang='lat' dir='ltr'>hic</span> <span class='ocrx_word' id='word_1_146' title='bbox 878 4120 966 4178; x_wconf 87' lang='lat' dir='ltr'>etiam</span> <span class='ocrx_word' id='word_1_147' title='bbox 980 4120 1028 4178; x_wconf 86' lang='lat' dir='ltr'>sua</span> <span class='ocrx_word' id='word_1_148' title='bbox 1042 4122 1159 4197; x_wconf 87' lang='lat' dir='ltr'>praemia</span> <span class='ocrx_word' id='word_1_149' title='bbox 1176 4122 1270 4181; x_wconf 86' lang='lat' dir='ltr'>laudi:</span> 
     </span>
    </p>

    <p class='ocr_par' dir='ltr' id='par_1_20' title="bbox 512 4224 1310 4302">
     <span class='ocr_line' id='line_1_25' title="bbox 512 4224 1310 4302; baseline -0.003 -17"><span class='ocrx_word' id='word_1_150' title='bbox 512 4228 584 4285; x_wconf 85' lang='lat' dir='ltr'>Sunt</span> <span class='ocrx_word' id='word_1_151' title='bbox 595 4224 720 4281; x_wconf 83' lang='lat' dir='ltr'>lacrimae</span> <span class='ocrx_word' id='word_1_152' title='bbox 730 4242 839 4294; x_wconf 74' lang='lat' dir='ltr'>rerum,</span> <span class='ocrx_word' id='word_1_153' title='bbox 857 4233 887 4280; x_wconf 85' lang='lat' dir='ltr'>et</span> <span class='ocrx_word' id='word_1_154' title='bbox 897 4232 1025 4281; x_wconf 92' lang='lat' dir='ltr'>mentem</span> <span class='ocrx_word' id='word_1_155' title='bbox 1036 4224 1167 4282; x_wconf 86' lang='lat' dir='ltr'>mortalia</span> <span class='ocrx_word' id='word_1_156' title='bbox 1178 4234 1310 4302; x_wconf 79' lang='lat' dir='ltr'>tangunt.</span> 
     </span>
    </p>

    <p class='ocr_par' dir='ltr' id='par_1_21' title="bbox 512 4325 1310 4401">
     <span class='ocr_line' id='line_1_26' title="bbox 512 4325 1310 4401; baseline 0.001 -15"><span class='ocrx_word' id='word_1_157' title='bbox 512 4329 594 4387; x_wconf 87' lang='lat' dir='ltr'>Solve</span> <span class='ocrx_word' id='word_1_158' title='bbox 604 4338 711 4396; x_wconf 81' lang='lat' dir='ltr'>metus3</span> <span class='ocrx_word' id='word_1_159' title='bbox 732 4325 806 4384; x_wconf 84' lang='lat' dir='ltr'>seret</span> <span class='ocrx_word' id='word_1_160' title='bbox 816 4326 878 4383; x_wconf 82' lang='lat' dir='ltr'>haec</span> <span class='ocrx_word' id='word_1_161' title='bbox 888 4325 1014 4401; x_wconf 85' lang='lat' dir='ltr'>aliquam</span> <span class='ocrx_word' id='word_1_162' title='bbox 1025 4325 1077 4383; x_wconf 90' lang='lat' dir='ltr'>tibi</span> <span class='ocrx_word' id='word_1_163' title='bbox 1090 4326 1166 4383; x_wconf 84' lang='lat' dir='ltr'>sama</span> <span class='ocrx_word' id='word_1_164' title='bbox 1181 4326 1310 4387; x_wconf 89' lang='lat' dir='ltr'>salutem.</span> 
     </span>
    </p>

    <p class='ocr_par' dir='ltr' id='par_1_22' title="bbox 512 4427 1200 4505">
     <span class='ocr_line' id='line_1_27' title="bbox 512 4427 1200 4505; baseline -0.006 -16"><span class='ocrx_word' id='word_1_165' title='bbox 512 4430 558 4488; x_wconf 88' lang='lat' dir='ltr'>sic</span> <span class='ocrx_word' id='word_1_166' title='bbox 571 4430 621 4497; x_wconf 86' lang='lat' dir='ltr'>ait,</span> <span class='ocrx_word' id='word_1_167' title='bbox 641 4440 727 4505; x_wconf 89' lang='lat' dir='ltr'>atque</span> <span class='ocrx_word' id='word_1_168' title='bbox 741 4428 869 4485; x_wconf 88' lang='lat' dir='ltr'>animum</span> <span class='ocrx_word' id='word_1_169' title='bbox 883 4427 994 4505; x_wconf 73' lang='lat' dir='ltr'>pletura</span> <span class='ocrx_word' id='word_1_170' title='bbox 1007 4428 1096 4504; x_wconf 85' lang='lat' dir='ltr'>pascit</span> <span class='ocrx_word' id='word_1_171' title='bbox 1109 4428 1200 4498; x_wconf 87' lang='lat' dir='ltr'>inani,</span> 
     </span>
    </p>

    <p class='ocr_par' dir='ltr' id='par_1_23' title="bbox 510 4530 1309 4694">
     <span class='ocr_line' id='line_1_28' title="bbox 510 4530 1309 4609; baseline 0 -16"><span class='ocrx_word' id='word_1_172' title='bbox 510 4533 607 4593; x_wconf 89' lang='lat' dir='ltr'>Multa</span> <span class='ocrx_word' id='word_1_173' title='bbox 627 4550 758 4609; x_wconf 79' lang='lat' dir='ltr'>gemene;</span> <span class='ocrx_word' id='word_1_174' title='bbox 784 4531 921 4608; x_wconf 82' lang='lat' dir='ltr'>largoque</span> <span class='ocrx_word' id='word_1_175' title='bbox 940 4530 1087 4589; x_wconf 71' lang='lat' dir='ltr'>humeetat</span> <span class='ocrx_word' id='word_1_176' title='bbox 1106 4531 1228 4591; x_wconf 90' lang='lat' dir='ltr'>flumine</span> <span class='ocrx_word' id='word_1_177' title='bbox 1247 4535 1309 4593; x_wconf 80' lang='lat' dir='ltr'>vol-</span> 
     </span>
     <span class='ocr_line' id='line_1_29' title="bbox 589 4645 662 4694; baseline 0.014 -1"><span class='ocrx_word' id='word_1_178' title='bbox 589 4645 662 4694; x_wconf 89' lang='lat' dir='ltr'>tum.</span> 
     </span>
    </p>
   </div>
   <div class='ocr_carea' id='block_1_5' title="bbox 0 0 1750 6884">
    <p class='ocr_par' dir='ltr' id='par_1_24' title="bbox 0 0 1750 6884">
     <span class='ocr_line' id='line_1_30' title="bbox 0 0 1750 6884; baseline 0 3"><span class='ocrx_word' id='word_1_179' title='bbox 0 0 1750 6884; x_wconf 95' lang='lat' dir='ltr'> </span> 
     </span>
    </p>
   </div>
  </div>
 </body>
</html>
