3492 6884
516 1772 555 1827 80
747 1766 1074 1839 GEORGICON,
1201 1764 1307 1843 ΜΦ.

515 1920 619 1990 Flexit,
638 1930 668 1980 et
680 1919 783 1981 infidos
795 1924 907 2001 agitans
920 1924 1057 1984 discordia
1070 1925 1184 1995 fratrem

514 2025 578 2081 Aut
591 2023 737 2100 conjurato
749 2025 920 2085 descendens
933 2027 1030 2086 Dacus
1042 2029 1079 2085 ab
1092 2027 1189 2085 Histro
1193 2052 1203 2097 ;

514 2126 584 2184 Non
597 2144 641 2184 res
653 2128 797 2199 Romanae,
816 2128 998 2206 perituraque
1017 2148 1118 2206 regna:
1141 2147 1235 2207 neque
1247 2128 1298 2188 ille

514 2229 578 2287 Aut
591 2230 683 2287 doluit
696 2229 831 2289 miserans
843 2232 968 2308 inopem,
981 2240 1031 2290 aut
1043 2231 1149 2289 invidit
1159 2230 1288 2290 habenti.

516 2331 599 2389 Quos
611 2330 682 2389 rami
695 2332 811 2401 fruitus,
831 2352 901 2408 quos
913 2332 972 2410 ipsa
985 2333 1111 2392 volentia
1123 2353 1197 2403 rura,

514 2433 621 2509 Sponte
635 2434 724 2493 tulere
736 2434 794 2505 sua,
815 2435 930 2512 carpsrt:
952 2454 1005 2494 nec
1017 2435 1107 2494 ferrea
1116 2434 1191 2511 jura,

433 2524 438 2535 ’
515 2534 707 2611 Insanamque
719 2537 822 2605 fomm,
842 2547 893 2594 aut
906 2538 1004 2615 populi
1017 2538 1155 2595 tabularia
1167 2537 1249 2596 tidit.

515 2636 675 2696 Sollicitant
687 2637 737 2695 alii
751 2639 836 2696 remis
847 2639 919 2696 freta
933 2658 1017 2708 caeca,
1036 2650 1180 2715 ruuntque

515 2739 550 2797 In
564 2740 680 2811 ferrum,
700 2749 850 2817 penetrant
863 2741 950 2811 aulas,
970 2751 1000 2799 et
1011 2741 1114 2799 limina
1127 2760 1226 2818 regum
1231 2765 1240 2811 3

514 2840 574 2898 Hic
585 2839 659 2917 petit
670 2842 790 2900 excidiis
802 2845 903 2900 urbem
915 2842 1087 2920 miserosque
1100 2843 1220 2912 Penatis,

515 2942 559 3000 Ut
571 2944 686 3019 gemme
698 2943 788 3015 bibat,
808 2953 839 3003 et
851 2945 970 3002 Sarrano
983 2945 1137 3004 indormiat
1149 2946 1234 3003 ostro:

514 3045 622 3104 Condit
635 3064 702 3123 opes
714 3046 795 3117 alius,
816 3046 979 3122 defolsoque
991 3046 1109 3107 incubat
1121 3066 1200 3106 auro.

515 3147 574 3206 Hic
583 3148 675 3225 stupet
682 3149 826 3207 adtonitus
837 3148 943 3207 Rostris
948 3174 957 3220 3
972 3148 1051 3207 bunc
1058 3148 1171 3227 plausus
1179 3149 1308 3209 hiantem

515 3251 567 3308 Per
580 3270 692 3322 cuneos,
706 3251 868 3329 geminatus
878 3251 957 3309 enim
969 3250 1117 3328 plebisque
1128 3263 1307 3328 patrumque,

514 3351 677 3430 Couripuit.
717 3352 852 3411 Gaudent
863 3353 968 3430 perfufi
982 3351 1118 3430 sanguine
1131 3354 1261 3425 fratrum,

514 3454 678 3532 Exsilioque
690 3456 789 3514 domos
801 3466 831 3513 et
844 3455 939 3513 dulcia
951 3455 1052 3513 limina
1068 3464 1192 3523 mutant,

513 3558 613 3634 Atque
626 3557 682 3616 alio
694 3558 817 3635 patriam
828 3567 961 3635 quaemnt
974 3555 1026 3616 sub
1039 3556 1096 3615 sole
1104 3556 1257 3634 jacentem.

513 3660 651 3737 Agricola
663 3659 783 3719 incurvo
796 3668 900 3718 terram
915 3658 1035 3718 dimovit
1048 3670 1156 3717 aratro:

508 3763 593 3820 'Hinc
605 3762 674 3821 anui
688 3763 780 3834 labor5
801 3762 870 3820 hinc
883 3773 992 3839 patrem
1005 3780 1160 3839 parvosque
1172 3771 1289 3839 nepotee

514 3865 646 3934 Sustinet;
663 3863 732 3921 hinc
742 3872 870 3921 armenta
879 3865 976 3933 boum,
985 3863 1157 3939 meritosque
1161 3862 1306 3940 juvencos.

513 3966 579 4025 Nec
593 3965 713 4042 requies,
734 3965 804 4041 quin
818 3975 867 4022 aut
881 3964 973 4041 pomis
985 3968 1123 4023 exuberet
1136 3985 1236 4035 annua,

514 4070 577 4127 Aut
590 4068 652 4126 fetu
663 4070 808 4146 pecorum,
829 4076 878 4124 aut
892 4067 1016 4125 Cerealis
1029 4067 1151 4143 mergite
1163 4068 1251 4126 culmi
1257 4094 1266 4139 3

514 4171 711 4246 Proventuque
724 4179 824 4227 oneret
837 4168 936 4238 sulcos,
957 4177 1043 4244 atque
1056 4170 1154 4227 horrea
1169 4171 1274 4229 vincat.

513 4271 604 4330 Venit
616 4271 723 4330 hiems:
747 4272 848 4328 teritur
862 4270 992 4348 Sicyonia
1006 4273 1091 4329 bacca
1104 4273 1234 4352 trapetis5

514 4373 626 4433 Glande
639 4372 702 4431 sues
716 4373 774 4430 laeti
787 4374 922 4445 redeunt,
944 4373 1013 4430 dant
1025 4376 1126 4432 arbuta
1139 4375 1226 4446 srlvae5

513 4477 552 4537 Et
564 4476 654 4535 varios
666 4475 747 4553 ponit
759 4476 836 4533 fetus
847 4475 1017 4533 autlumnus
1023 4500 1032 4547 ;
1053 4486 1082 4533 et
1096 4477 1153 4534 alte

513 4579 598 4639 Mitis
609 4579 641 4637 in
654 4578 755 4656 apricis
768 4578 901 4653 coquitur
913 4577 1057 4635 vindemia
1070 4577 1152 4635 saxis.

513 4682 625 4742 Interea
638 4681 734 4742 dulces
745 4680 873 4759 pendent
885 4678 994 4737 circum
1005 4678 1099 4738 oscula
1112 4679 1187 4750 nati;
