3492 6884
475 1734 497 1785 2
711 1718 1015 1793 BUCOLICA,
1135 1734 1266 1785 venlz.

474 1876 572 1951 Usque
585 1874 655 1934 adeo
669 1879 797 1936 turbatur
809 1879 898 1955 agris:
920 1879 973 1937 enl
989 1879 1047 1956 ipse
1060 1879 1180 1955 capellas

476 1979 609 2035 Protenus
622 1997 697 2055 aeger
709 1998 762 2056 ago
767 2005 776 2051 i
798 1980 872 2039 hanc
883 1982 970 2039 etiam
983 1981 1042 2049 vix,
1052 1981 1160 2057 Tityre,
1173 1981 1265 2039 duco:

475 2079 543 2148 Hic,
560 2080 635 2138 inter
648 2082 745 2140 densas
758 2083 876 2151 corulos,
889 2084 974 2140 modo
988 2101 1111 2158 namque
1123 2082 1268 2158 gemellos,

475 2183 559 2257 Spem
572 2182 673 2258 gregis,
693 2184 745 2240 ahl
766 2183 842 2241 filice
854 2184 886 2241 in
899 2185 976 2242 nuda
986 2184 1108 2242 connixa
1122 2183 1246 2260 reliquit.

473 2284 553 2359 Saepe
565 2285 672 2342 malum
685 2284 740 2343 hoc
753 2285 843 2355 nobis,
863 2287 884 2344 fi
897 2305 977 2344 mens
990 2305 1047 2344 non
1060 2287 1130 2343 laeva
1144 2285 1247 2355 sitisset,

473 2384 520 2442 De
532 2386 603 2444 coelo
615 2388 701 2446 tostas
713 2388 834 2445 memini
848 2388 998 2464 praedicere
1011 2405 1139 2463 quercus.

474 2487 529 2544 Sed
542 2499 646 2557 umen,
665 2488 715 2545 iste
728 2490 797 2547 deus
810 2490 861 2564 qui
875 2491 917 2559 fit,
937 2492 982 2558 da,
1000 2490 1110 2565 Tityre,
1131 2489 1221 2547 nobis.

797 2609 941 2649 rrrrnos.

472 2690 592 2760 Urbem,
611 2709 698 2765 quam
710 2690 810 2748 dieunt
823 2692 954 2759 Romam,
972 2692 1118 2760 Meliboee,
1136 2693 1235 2769 putavi

471 2790 578 2848 Stultus
591 2810 645 2866 ego
659 2792 726 2849 huic
740 2792 838 2849 nostrae
852 2794 980 2860 srmilem‚
993 2813 1050 2870 quo
1062 2794 1134 2871 saepe
1146 2794 1267 2852 solemus

472 2889 594 2949 Pastores
606 2893 703 2950 ovium
715 2902 823 2951 teneros
836 2895 974 2971 depellere
986 2896 1071 2953 setus.

472 2991 520 3050 stc
533 2993 650 3051 canibus
663 2995 769 3052 catulos
782 2995 889 3065 snnilin,
910 2997 946 3054 fic
959 2998 1095 3055 matribus
1107 2998 1213 3069 haedos,

474 3093 596 3165 Noram;
619 3094 656 3151 sac
670 3096 761 3171 parvis
774 3115 931 3173 conponere
944 3117 1047 3174 magna
1060 3100 1193 3157 solebam.

472 3196 581 3255 Verum
595 3197 655 3254 haec
669 3207 781 3256 tantum
793 3199 861 3257 alias
874 3200 949 3258 inter
961 3213 1046 3278 caput
1057 3202 1161 3259 extulit
1175 3202 1265 3271 urbis,

473 3299 625 3358 Quantum
638 3302 714 3359 lenta
727 3302 817 3360 solent
829 3302 905 3361 inter
917 3304 1041 3363 viburna
1053 3304 1180 3382 cupreffi.

784 3425 959 3465 ueniamus.

471 3507 509 3564 Et
522 3526 585 3583 quse
599 3518 677 3566 tanta
690 3508 746 3567 snit
759 3509 881 3567 Romam
894 3509 947 3567 tibi
960 3508 1052 3566 caussa
1064 3508 1196 3567 videndi?

686 3648 690 3655 -
794 3604 949 3689 eternus}

472 3710 613 3769 Libertas:
636 3729 708 3785 quse,
728 3710 795 3775 sera,
816 3718 912 3767 tamen
925 3710 1046 3787 respexit
1057 3712 1180 3771 inertem

471 3810 635 3878 Candidior,
648 3809 792 3885 postquam
807 3811 936 3869 tondenti
948 3814 1034 3871 barba
1047 3816 1177 3874 cadebat:

471 3911 605 3989 Respexit
618 3923 722 3980 tamen,
742 3921 771 3969 et
783 3912 869 3988 longo
881 3912 941 3990 post
954 3924 1079 3992 tempore
1091 3917 1179 3985 venit,

471 4014 619 4089 Postquam
632 4032 681 4071 nos
694 4013 847 4091 Amaryllis
860 4014 956 4084 habet,
975 4018 1092 4075 Galatea
1104 4018 1228 4094 reliquit.

470 4116 613 4192 Namque,
633 4116 742 4174 fatebor
754 4116 841 4185 enim,
860 4118 930 4175 dum
943 4138 989 4175 me
1001 4119 1120 4177 Galatea
1133 4124 1258 4190 tenebat,

470 4218 535 4275 Nec
548 4218 607 4295 spes
618 4217 756 4276 libertatis
768 4228 837 4288 erat,
857 4237 911 4277 noc
924 4238 991 4277 cura
1003 4221 1109 4297 peculi:

472 4319 611 4377 Quamvis
624 4320 713 4378 multa
726 4321 797 4379 meis
809 4321 901 4379 exiret
912 4321 1028 4380 vidtima
1041 4322 1133 4401 saeptis

470 4419 595 4497 Pinguis,
615 4432 644 4479 et
654 4421 774 4499 ingratae
786 4433 959 4500 premeretur
972 4423 1065 4483 caseus
1077 4426 1151 4496 urbi,

471 4522 540 4583 Non
565 4542 702 4598 umquam
724 4523 816 4607 granis
839 4544 894 4585 aere
919 4526 1038 4586 domum
1062 4527 1136 4586 mihi
1160 4529 1260 4588 dextra

528 4624 666 4732 ¹'redibat
