3492 6884
427 1796 535 1849 ems.
737 1784 835 1844 mu.
873 1784 915 1843 u
1183 1784 1225 1859 σς

428 1943 541 2020 Exigua
554 1950 667 2001 tautum
680 1941 791 2019 gelidus
803 1959 848 1998 ros
862 1940 944 1998 noste
958 1948 1086 2016 reponet.

465 2048 560 2125 Nigra
573 2046 634 2105 sere
646 2054 676 2103 et
688 2044 778 2122 presso
790 2043 907 2120 pinguis
920 2036 971 2101 sub
984 2061 1099 2101 vomere
1113 2050 1198 2114 terra,

428 2151 465 2208 Et
475 2149 523 2207 cui
531 2158 615 2227 putre
626 2148 727 2218 solum,
740 2152 877 2225 (namque
887 2145 941 2203 boc
948 2145 1095 2203 imitamur
1103 2146 1222 2221 arando)

428 2252 557 2329 Optuma
569 2250 736 2310 frumentis:
758 2269 816 2308 non
827 2250 890 2306 ullo
902 2267 939 2306 ex
952 2267 1065 2324 aequore
1077 2267 1176 2307 cernes

428 2356 511 2415 Plura
523 2356 643 2413 domum
655 2353 743 2413 tardis
756 2353 891 2411 decedere
904 2350 1025 2428 plaustra
1031 2348 1177 2427 juvencis:

429 2460 502 2528 Aut,
521 2458 598 2516 uude
610 2457 699 2515 iratm
713 2457 811 2514 fitvam
823 2454 939 2512 devexit
953 2463 1054 2523 arator,

430 2562 468 2621 Et
481 2579 597 2619 nemora
610 2560 713 2618 evertit
725 2560 830 2617 multos
844 2558 948 2634 ignava
961 2576 1013 2634 per
1025 2576 1124 2629 annos,

430 2662 630 2740 Antiquasque
643 2663 741 2722 domos
754 2662 851 2720 avium
864 2679 932 2718 cum
945 2660 1078 2737 stirpibus
1090 2659 1158 2720 imis

430 2766 527 2825 Emit:
550 2766 608 2825 illae
620 2766 712 2824 altum
725 2764 800 2823 nidis
812 2767 921 2844 petiere
934 2768 1060 2840 reliffis5

430 2872 474 2928 At
486 2868 563 2927 rudis
575 2868 682 2927 enituit
694 2868 808 2946 inpulso
820 2889 935 2929 vomere
948 2890 1076 2947 campus.

430 2973 510 3031 Nam
519 2970 616 3049 jejuna
632 2972 750 3048 quidem
761 2972 857 3030 clivosi
870 2974 964 3051 glarea
979 2974 1052 3032 ruris

431 3074 491 3133 Vix
504 3074 622 3133 humilis
635 3074 734 3151 apibus
746 3076 831 3134 casus
844 3095 994 3154 roremque
1006 3077 1164 3150 ministram

431 3179 470 3236 Et
483 3177 587 3255 tophus
599 3177 704 3246 scaber,
724 3186 754 3236 et
767 3179 857 3255 nigris
869 3180 952 3237 exesa
964 3180 1107 3257 chelydris

431 3282 528 3349 Creta,
548 3289 656 3356 negant
668 3279 739 3337 alios
752 3300 833 3357 aeque
846 3281 1023 3359 serpentibus
1036 3302 1119 3359 agros

405 3371 421 3451 ’,
431 3384 558 3442 Dulcem
569 3383 644 3440 serre
656 3382 763 3452 cibum,
782 3392 812 3441 et
825 3402 926 3442 curvas
939 3388 1064 3462 praebere
1074 3387 1209 3444 latebras.

432 3485 510 3543 Quae
523 3494 640 3543 tenuem
650 3485 766 3542 exhalat
777 3485 912 3543 nebulam
925 3487 1076 3563 sumusque
1089 3488 1228 3559 volucris;

432 3589 470 3647 Et
485 3587 561 3646 bibit
581 3587 743 3656 humorem,
759 3597 799 3659 et,
816 3606 907 3664 quum
927 3588 1001 3657 vult,
1020 3608 1057 3647 ex
1070 3589 1098 3648 se
1111 3568 1172 3667 ipss
1184 3608 1230 3648 re·

510 3690 619 3761 mittin

433 3794 565 3870 Quaeque
577 3793 628 3851 suo
641 3792 725 3851 viridi
738 3793 848 3871 semper
860 3793 889 3850 se
902 3792 1033 3870 gramine
1045 3794 1137 3866 veslit,

432 3897 498 3954 Nec
510 3896 603 3954 scabie
615 3905 646 3954 et
659 3894 729 3953 salsa
740 3896 821 3954 laedit
832 3895 965 3972 robigine
978 3896 1096 3967 ferrum,

434 3999 487 4057 Illa
501 3999 556 4057 tibi
568 3998 643 4057 laetis
654 3998 766 4057 intexet
778 3999 886 4057 vitibus
898 3999 1004 4071 ulm0s3

433 4103 487 4160 Illa
502 4102 583 4160 sersx
595 4101 659 4159 oleo
671 4101 711 4159 est
717 4126 726 4171 3
747 4100 828 4159 illam
839 4102 985 4178 experiere
997 4103 1118 4161 colendo

434 4205 472 4262 Et
485 4204 600 4263 facilem
614 4203 719 4281 pecori,
739 4213 769 4262 et
782 4205 942 4281 patientem
954 4204 1076 4263 vomeris
1090 4206 1166 4266 unci.

433 4307 536 4366 Talem
549 4307 627 4365 dives
640 4316 702 4366 arat
715 4308 823 4384 Capua,
843 4317 873 4365 et
885 4307 980 4366 vicina
991 4307 1104 4367 Vesevo

434 4409 494 4469 Ora
502 4409 585 4487 jugo,
604 4419 634 4467 et
647 4410 744 4468 vacuis
756 4410 876 4469 Clanius
889 4430 947 4470 uon
959 4431 1056 4488 aequus
1069 4410 1194 4470 Acerris.

473 4512 572 4580 Nunc,
585 4530 797 4588 quoquumque
809 4513 896 4570 modo
907 4512 991 4590 poffis
998 4511 1179 4591 cognoscere,
1189 4511 1232 4572 di·

550 4633 627 4673 cam.

438 4715 568 4787 Retulit,
587 4736 624 4777 su
637 4716 719 4795 supra
732 4736 842 4778 morem
855 4716 985 4788 titensa,
1003 4717 1147 4795 requiram
