<?xml version="1.0" encoding="UTF-8"?>
<!DOCTYPE html PUBLIC "-//W3C//DTD XHTML 1.0 Transitional//EN"
    "http://www.w3.org/TR/xhtml1/DTD/xhtml1-transitional.dtd">
<html xmlns="http://www.w3.org/1999/xhtml" xml:lang="en" lang="en">
 <head>
  <title>
</title>
<meta http-equiv="Content-Type" content="text/html;charset=utf-8" />
  <meta name='ocr-system' content='tesseract 3.04.00' />
  <meta name='ocr-capabilities' content='ocr_page ocr_carea ocr_par ocr_line ocrx_word'/>
</head>
<body>
  <div class='ocr_page' id='page_1' title='image "./pvirgiliimaroni00wakegoog/pvirgiliimaroni00wakegoog_0067.png"; bbox 0 0 3492 6884; ppageno 0'>
   <div class='ocr_carea' id='block_1_1' title="bbox 460 1797 1259 1867">
    <p class='ocr_par' dir='ltr' id='par_1_1' title="bbox 460 1797 1259 1867">
     <span class='ocr_line' id='line_1_1' title="bbox 460 1797 1259 1867; baseline -0.006 -10"><span class='ocrx_word' id='word_1_1' title='bbox 460 1805 569 1859; x_wconf 66' lang='lat' dir='ltr'><strong>vm.</strong></span> <span class='ocrx_word' id='word_1_2' title='bbox 775 1798 826 1855; x_wconf 83' lang='lat' dir='ltr'><strong>nr</strong></span> <span class='ocrx_word' id='word_1_3' title='bbox 843 1797 874 1855; x_wconf 82' lang='lat' dir='ltr'><strong>s.</strong></span> <span class='ocrx_word' id='word_1_4' title='bbox 914 1798 939 1855; x_wconf 90' lang='lat' dir='ltr'><strong>r.</strong></span> <span class='ocrx_word' id='word_1_5' title='bbox 1219 1801 1259 1867; x_wconf 73' lang='lat' dir='ltr'><strong>sy</strong></span> 
     </span>
    </p>
   </div>
   <div class='ocr_carea' id='block_1_2' title="bbox 459 1950 1261 4789">
    <p class='ocr_par' dir='ltr' id='par_1_2' title="bbox 459 1950 1237 3359">
     <span class='ocr_line' id='line_1_2' title="bbox 499 1950 1227 2031; baseline -0.004 -19"><span class='ocrx_word' id='word_1_6' title='bbox 499 1953 530 2012; x_wconf 84' lang='lat' dir='ltr'><strong>si</strong></span> <span class='ocrx_word' id='word_1_7' title='bbox 542 1972 609 2012; x_wconf 86' lang='lat' dir='ltr'><strong>vero</strong></span> <span class='ocrx_word' id='word_1_8' title='bbox 619 1952 708 2012; x_wconf 88' lang='lat' dir='ltr'><strong>solem</strong></span> <span class='ocrx_word' id='word_1_9' title='bbox 721 1954 757 2012; x_wconf 92' lang='lat' dir='ltr'><strong>ad</strong></span> <span class='ocrx_word' id='word_1_10' title='bbox 769 1953 911 2031; x_wconf 89' lang='lat' dir='ltr'><strong>rapidum,</strong></span> <span class='ocrx_word' id='word_1_11' title='bbox 931 1955 1070 2030; x_wconf 87' lang='lat' dir='ltr'><strong>lunasque</strong></span> <span class='ocrx_word' id='word_1_12' title='bbox 1083 1950 1227 2028; x_wconf 87' lang='lat' dir='ltr'><strong>sequentis</strong></span> 
     </span>
     <span class='ocr_line' id='line_1_3' title="bbox 459 2054 1199 2133; baseline -0.005 -18"><span class='ocrx_word' id='word_1_13' title='bbox 459 2056 580 2127; x_wconf 84' lang='lat' dir='ltr'>Ordine,</span> <span class='ocrx_word' id='word_1_14' title='bbox 601 2056 732 2133; x_wconf 87' lang='lat' dir='ltr'><strong>respicies</strong></span> <span class='ocrx_word' id='word_1_15' title='bbox 738 2082 747 2127; x_wconf 88' lang='lat'>;</span> <span class='ocrx_word' id='word_1_16' title='bbox 769 2076 927 2133; x_wconf 85' lang='lat' dir='ltr'>numquam</span> <span class='ocrx_word' id='word_1_17' title='bbox 943 2066 971 2114; x_wconf 86' lang='lat' dir='ltr'><strong>te</strong></span> <span class='ocrx_word' id='word_1_18' title='bbox 984 2056 1101 2114; x_wconf 82' lang='lat' dir='ltr'><strong>crastiua</strong></span> <span class='ocrx_word' id='word_1_19' title='bbox 1115 2054 1199 2112; x_wconf 86' lang='lat' dir='ltr'><strong>fallet</strong></span> 
     </span>
     <span class='ocr_line' id='line_1_4' title="bbox 459 2158 1141 2237; baseline -0.001 -20"><span class='ocrx_word' id='word_1_20' title='bbox 459 2160 549 2228; x_wconf 86' lang='lat' dir='ltr'><strong>Hora,</strong></span> <span class='ocrx_word' id='word_1_21' title='bbox 569 2177 663 2237; x_wconf 83' lang='lat' dir='ltr'><strong>neque</strong></span> <span class='ocrx_word' id='word_1_22' title='bbox 676 2159 785 2217; x_wconf 87' lang='lat' dir='ltr'><strong>infidiis</strong></span> <span class='ocrx_word' id='word_1_23' title='bbox 798 2160 889 2218; x_wconf 75' lang='lat' dir='ltr'><strong>noetis</strong></span> <span class='ocrx_word' id='word_1_24' title='bbox 901 2160 1013 2236; x_wconf 85' lang='lat' dir='ltr'>capiere</span> <span class='ocrx_word' id='word_1_25' title='bbox 1027 2158 1141 2216; x_wconf 86' lang='lat' dir='ltr'><strong>serenae.</strong></span> 
     </span>
     <span class='ocr_line' id='line_1_5' title="bbox 459 2258 1210 2338; baseline -0.001 -21"><span class='ocrx_word' id='word_1_26' title='bbox 459 2262 551 2332; x_wconf 92' lang='lat' dir='ltr'><strong>Luna,</strong></span> <span class='ocrx_word' id='word_1_27' title='bbox 564 2270 737 2319; x_wconf 86' lang='lat' dir='ltr'><strong>revertentes</strong></span> <span class='ocrx_word' id='word_1_28' title='bbox 750 2280 840 2338; x_wconf 89' lang='lat' dir='ltr'><strong>quum</strong></span> <span class='ocrx_word' id='word_1_29' title='bbox 852 2261 979 2338; x_wconf 92' lang='lat' dir='ltr'><strong>primum</strong></span> <span class='ocrx_word' id='word_1_30' title='bbox 991 2260 1112 2335; x_wconf 85' lang='lat' dir='ltr'><strong>conligit</strong></span> <span class='ocrx_word' id='word_1_31' title='bbox 1123 2258 1210 2335; x_wconf 87' lang='lat' dir='ltr'><strong>ignis,</strong></span> 
     </span>
     <span class='ocr_line' id='line_1_6' title="bbox 460 2363 1157 2440; baseline -0.006 -19"><span class='ocrx_word' id='word_1_32' title='bbox 460 2363 490 2421; x_wconf 91' lang='lat' dir='ltr'><strong>Si</strong></span> <span class='ocrx_word' id='word_1_33' title='bbox 503 2363 621 2439; x_wconf 85' lang='lat' dir='ltr'><strong>nigrum</strong></span> <span class='ocrx_word' id='word_1_34' title='bbox 633 2363 752 2421; x_wconf 87' lang='lat' dir='ltr'><strong>obscuro</strong></span> <span class='ocrx_word' id='word_1_35' title='bbox 765 2364 966 2440; x_wconf 88' lang='lat' dir='ltr'><strong>conprenderit</strong></span> <span class='ocrx_word' id='word_1_36' title='bbox 979 2364 1044 2420; x_wconf 70' lang='lat' dir='ltr'><strong>aera</strong></span> <span class='ocrx_word' id='word_1_37' title='bbox 1057 2380 1157 2431; x_wconf 91' lang='lat' dir='ltr'><strong>comu,</strong></span> 
     </span>
     <span class='ocr_line' id='line_1_7' title="bbox 459 2463 1217 2542; baseline -0.004 -19"><span class='ocrx_word' id='word_1_38' title='bbox 459 2465 618 2524; x_wconf 80' lang='lat' dir='ltr'><strong>Maxumus</strong></span> <span class='ocrx_word' id='word_1_39' title='bbox 633 2464 765 2542; x_wconf 82' lang='lat' dir='ltr'><strong>agricolis</strong></span> <span class='ocrx_word' id='word_1_40' title='bbox 778 2467 937 2542; x_wconf 84' lang='lat' dir='ltr'>pelagoque</span> <span class='ocrx_word' id='word_1_41' title='bbox 950 2464 1098 2542; x_wconf 88' lang='lat' dir='ltr'><strong>parabitur</strong></span> <span class='ocrx_word' id='word_1_42' title='bbox 1109 2463 1217 2521; x_wconf 86' lang='lat' dir='ltr'><strong>imber:</strong></span> 
     </span>
     <span class='ocr_line' id='line_1_8' title="bbox 460 2566 1114 2643; baseline 0 -18"><span class='ocrx_word' id='word_1_43' title='bbox 460 2569 512 2636; x_wconf 82' lang='lat' dir='ltr'><strong>At,</strong></span> <span class='ocrx_word' id='word_1_44' title='bbox 533 2567 554 2624; x_wconf 87' lang='lat' dir='ltr'>fi</span> <span class='ocrx_word' id='word_1_45' title='bbox 567 2566 731 2643; x_wconf 86' lang='lat' dir='ltr'><strong>virgineum</strong></span> <span class='ocrx_word' id='word_1_46' title='bbox 745 2567 896 2625; x_wconf 85' lang='lat' dir='ltr'><strong>suffuderit</strong></span> <span class='ocrx_word' id='word_1_47' title='bbox 908 2587 957 2625; x_wconf 90' lang='lat' dir='ltr'><strong>ore</strong></span> <span class='ocrx_word' id='word_1_48' title='bbox 971 2569 1114 2635; x_wconf 84' lang='lat' dir='ltr'><strong>ruborem,</strong></span> 
     </span>
     <span class='ocr_line' id='line_1_9' title="bbox 459 2669 1211 2746; baseline -0.001 -20"><span class='ocrx_word' id='word_1_49' title='bbox 459 2670 572 2727; x_wconf 92' lang='lat' dir='ltr'><strong>Ventus</strong></span> <span class='ocrx_word' id='word_1_50' title='bbox 585 2670 639 2728; x_wconf 91' lang='lat' dir='ltr'><strong>erit</strong></span> <span class='ocrx_word' id='word_1_51' title='bbox 646 2695 655 2741; x_wconf 63' lang='grc' dir='ltr'><strong><em>ς</em></strong></span> <span class='ocrx_word' id='word_1_52' title='bbox 676 2680 763 2728; x_wconf 89' lang='lat' dir='ltr'><strong>vento</strong></span> <span class='ocrx_word' id='word_1_53' title='bbox 776 2670 888 2746; x_wconf 88' lang='lat' dir='ltr'><strong>semper</strong></span> <span class='ocrx_word' id='word_1_54' title='bbox 900 2671 984 2727; x_wconf 86' lang='lat' dir='ltr'><strong>rubet</strong></span> <span class='ocrx_word' id='word_1_55' title='bbox 997 2688 1082 2727; x_wconf 88' lang='lat' dir='ltr'><strong>aurea</strong></span> <span class='ocrx_word' id='word_1_56' title='bbox 1095 2669 1211 2726; x_wconf 87' lang='lat' dir='ltr'><strong>Phoebe.</strong></span> 
     </span>
     <span class='ocr_line' id='line_1_10' title="bbox 460 2770 1237 2849; baseline -0.001 -21"><span class='ocrx_word' id='word_1_57' title='bbox 460 2771 510 2828; x_wconf 87' lang='lat' dir='ltr'><strong>Sin</strong></span> <span class='ocrx_word' id='word_1_58' title='bbox 524 2782 589 2829; x_wconf 90' lang='lat' dir='ltr'><strong>ortu</strong></span> <span class='ocrx_word' id='word_1_59' title='bbox 603 2772 634 2829; x_wconf 92' lang='lat' dir='ltr'><strong>in</strong></span> <span class='ocrx_word' id='word_1_60' title='bbox 647 2781 758 2848; x_wconf 85' lang='lat' dir='ltr'><strong>quarto,</strong></span> <span class='ocrx_word' id='word_1_61' title='bbox 775 2792 900 2849; x_wconf 88' lang='lat' dir='ltr'><strong>namque</strong></span> <span class='ocrx_word' id='word_1_62' title='bbox 912 2772 936 2829; x_wconf 90' lang='lat' dir='ltr'><strong>is</strong></span> <span class='ocrx_word' id='word_1_63' title='bbox 949 2771 1118 2829; x_wconf 86' lang='lat' dir='ltr'><strong>certiffimus</strong></span> <span class='ocrx_word' id='word_1_64' title='bbox 1131 2770 1237 2840; x_wconf 68' lang='lat' dir='ltr'><strong>auctor,</strong></span> 
     </span>
     <span class='ocr_line' id='line_1_11' title="bbox 460 2873 1189 2951; baseline -0.003 -20"><span class='ocrx_word' id='word_1_65' title='bbox 460 2874 542 2944; x_wconf 87' lang='lat' dir='ltr'><strong>Pura,</strong></span> <span class='ocrx_word' id='word_1_66' title='bbox 563 2892 656 2949; x_wconf 90' lang='lat' dir='ltr'><strong>neque</strong></span> <span class='ocrx_word' id='word_1_67' title='bbox 669 2874 774 2932; x_wconf 83' lang='lat' dir='ltr'><strong>obtufis</strong></span> <span class='ocrx_word' id='word_1_68' title='bbox 787 2894 839 2951; x_wconf 90' lang='lat' dir='ltr'><strong>per</strong></span> <span class='ocrx_word' id='word_1_69' title='bbox 850 2875 957 2932; x_wconf 71' lang='lat' dir='ltr'><strong>curium</strong></span> <span class='ocrx_word' id='word_1_70' title='bbox 969 2874 1103 2931; x_wconf 85' lang='lat' dir='ltr'><strong>comibus</strong></span> <span class='ocrx_word' id='word_1_71' title='bbox 1116 2873 1189 2944; x_wconf 73' lang='lat' dir='ltr'><strong>ibit,</strong></span> 
     </span>
     <span class='ocr_line' id='line_1_12' title="bbox 459 2975 1143 3052; baseline -0.001 -19"><span class='ocrx_word' id='word_1_72' title='bbox 459 2976 551 3034; x_wconf 79' lang='lat' dir='ltr'><strong>Totus</strong></span> <span class='ocrx_word' id='word_1_73' title='bbox 564 2985 594 3033; x_wconf 88' lang='lat' dir='ltr'><strong>et</strong></span> <span class='ocrx_word' id='word_1_74' title='bbox 606 2976 656 3034; x_wconf 88' lang='lat' dir='ltr'><strong>ille</strong></span> <span class='ocrx_word' id='word_1_75' title='bbox 669 2976 738 3046; x_wconf 91' lang='lat' dir='ltr'><strong>dies,</strong></span> <span class='ocrx_word' id='word_1_76' title='bbox 758 2987 797 3045; x_wconf 91' lang='lat' dir='ltr'><strong>et,</strong></span> <span class='ocrx_word' id='word_1_77' title='bbox 818 2977 868 3052; x_wconf 89' lang='lat' dir='ltr'><strong>qui</strong></span> <span class='ocrx_word' id='word_1_78' title='bbox 881 2977 1032 3034; x_wconf 87' lang='lat' dir='ltr'><strong>nascentur</strong></span> <span class='ocrx_word' id='word_1_79' title='bbox 1042 2978 1079 3033; x_wconf 94' lang='lat' dir='ltr'><strong>ab</strong></span> <span class='ocrx_word' id='word_1_80' title='bbox 1092 2975 1143 3032; x_wconf 89' lang='lat' dir='ltr'><strong>illo</strong></span> 
     </span>
     <span class='ocr_line' id='line_1_13' title="bbox 460 3078 1237 3156; baseline -0.005 -20"><span class='ocrx_word' id='word_1_81' title='bbox 460 3078 602 3137; x_wconf 67' lang='lat' dir='ltr'><strong>Exactum</strong></span> <span class='ocrx_word' id='word_1_82' title='bbox 615 3080 650 3136; x_wconf 90' lang='lat' dir='ltr'><strong>ad</strong></span> <span class='ocrx_word' id='word_1_83' title='bbox 663 3078 801 3147; x_wconf 88' lang='lat' dir='ltr'><strong>mensem,</strong></span> <span class='ocrx_word' id='word_1_84' title='bbox 813 3080 912 3156; x_wconf 74' lang='lat' dir='ltr'><strong>pluvii</strong></span> <span class='ocrx_word' id='word_1_85' title='bbox 925 3079 1074 3153; x_wconf 89' lang='lat' dir='ltr'><strong>ventisque</strong></span> <span class='ocrx_word' id='word_1_86' title='bbox 1087 3078 1237 3136; x_wconf 89' lang='lat' dir='ltr'><strong>carebunt:</strong></span> 
     </span>
     <span class='ocr_line' id='line_1_14' title="bbox 460 3179 1082 3255; baseline 0.003 -19"><span class='ocrx_word' id='word_1_87' title='bbox 460 3181 593 3255; x_wconf 90' lang='lat' dir='ltr'><strong>Votaque</strong></span> <span class='ocrx_word' id='word_1_88' title='bbox 607 3179 709 3238; x_wconf 86' lang='lat' dir='ltr'><strong>servati</strong></span> <span class='ocrx_word' id='word_1_89' title='bbox 724 3180 832 3239; x_wconf 90' lang='lat' dir='ltr'><strong>solvent</strong></span> <span class='ocrx_word' id='word_1_90' title='bbox 846 3182 876 3237; x_wconf 93' lang='lat' dir='ltr'><strong>in</strong></span> <span class='ocrx_word' id='word_1_91' title='bbox 890 3182 973 3239; x_wconf 92' lang='lat' dir='ltr'><strong>litore</strong></span> <span class='ocrx_word' id='word_1_92' title='bbox 987 3190 1082 3238; x_wconf 81' lang='lat' dir='ltr'><strong>nautae</strong></span> 
     </span>
     <span class='ocr_line' id='line_1_15' title="bbox 459 3282 1108 3359; baseline -0.002 -20"><span class='ocrx_word' id='word_1_93' title='bbox 459 3282 581 3351; x_wconf 84' lang='lat' dir='ltr'><strong>Glauce,</strong></span> <span class='ocrx_word' id='word_1_94' title='bbox 601 3294 631 3340; x_wconf 90' lang='lat' dir='ltr'><strong>et</strong></span> <span class='ocrx_word' id='word_1_95' title='bbox 645 3285 791 3359; x_wconf 72' lang='lat' dir='ltr'><strong>Panopeae,</strong></span> <span class='ocrx_word' id='word_1_96' title='bbox 812 3293 841 3339; x_wconf 90' lang='lat' dir='ltr'><strong>et</strong></span> <span class='ocrx_word' id='word_1_97' title='bbox 855 3285 926 3340; x_wconf 92' lang='lat' dir='ltr'><strong>Inoo</strong></span> <span class='ocrx_word' id='word_1_98' title='bbox 939 3283 1108 3340; x_wconf 72' lang='lat' dir='ltr'><strong>Melicerta.</strong></span> 
     </span>
    </p>

    <p class='ocr_par' dir='ltr' id='par_1_3' title="bbox 500 3382 1261 3460">
     <span class='ocr_line' id='line_1_16' title="bbox 500 3382 1261 3460; baseline -0.001 -18"><span class='ocrx_word' id='word_1_99' title='bbox 500 3384 547 3442; x_wconf 92' lang='lat' dir='ltr'><strong>Sol</strong></span> <span class='ocrx_word' id='word_1_100' title='bbox 565 3404 689 3459; x_wconf 88' lang='lat' dir='ltr'><strong>quoque,</strong></span> <span class='ocrx_word' id='word_1_101' title='bbox 709 3396 739 3441; x_wconf 87' lang='lat' dir='ltr'><strong>et</strong></span> <span class='ocrx_word' id='word_1_102' title='bbox 752 3385 891 3453; x_wconf 77' lang='lat' dir='ltr'><strong>exorienS,</strong></span> <span class='ocrx_word' id='word_1_103' title='bbox 915 3395 945 3444; x_wconf 92' lang='lat' dir='ltr'><strong>et</strong></span> <span class='ocrx_word' id='word_1_104' title='bbox 962 3405 1053 3460; x_wconf 91' lang='lat' dir='ltr'><strong>quum</strong></span> <span class='ocrx_word' id='word_1_105' title='bbox 1071 3384 1099 3440; x_wconf 87' lang='lat' dir='ltr'><strong>se</strong></span> <span class='ocrx_word' id='word_1_106' title='bbox 1118 3382 1216 3442; x_wconf 84' lang='lat' dir='ltr'><strong>condit</strong></span> <span class='ocrx_word' id='word_1_107' title='bbox 1229 3382 1261 3441; x_wconf 91' lang='lat' dir='ltr'><strong>in</strong></span> 
     </span>
    </p>

    <p class='ocr_par' dir='ltr' id='par_1_4' title="bbox 580 3485 678 3556">
     <span class='ocr_line' id='line_1_17' title="bbox 580 3485 678 3556; baseline -0.01 -13"><span class='ocrx_word' id='word_1_108' title='bbox 580 3485 678 3556; x_wconf 88' lang='lat' dir='ltr'><strong>undas,</strong></span> 
     </span>
    </p>

    <p class='ocr_par' dir='ltr' id='par_1_5' title="bbox 460 3587 1261 4789">
     <span class='ocr_line' id='line_1_18' title="bbox 461 3587 1203 3666; baseline 0 -20"><span class='ocrx_word' id='word_1_109' title='bbox 461 3589 548 3666; x_wconf 83' lang='lat' dir='ltr'><strong>Signa</strong></span> <span class='ocrx_word' id='word_1_110' title='bbox 562 3588 655 3646; x_wconf 87' lang='lat' dir='ltr'><strong>dabit:</strong></span> <span class='ocrx_word' id='word_1_111' title='bbox 679 3587 767 3645; x_wconf 91' lang='lat' dir='ltr'><strong>solem</strong></span> <span class='ocrx_word' id='word_1_112' title='bbox 781 3587 930 3646; x_wconf 88' lang='lat' dir='ltr'><strong>certiffima</strong></span> <span class='ocrx_word' id='word_1_113' title='bbox 944 3588 1022 3665; x_wconf 75' lang='lat' dir='ltr'><strong>signa</strong></span> <span class='ocrx_word' id='word_1_114' title='bbox 1036 3588 1203 3664; x_wconf 89' lang='lat' dir='ltr'><strong>sequuntur,</strong></span> 
     </span>
     <span class='ocr_line' id='line_1_19' title="bbox 460 3690 1208 3767; baseline 0.001 -18"><span class='ocrx_word' id='word_1_115' title='bbox 460 3692 499 3749; x_wconf 88' lang='lat' dir='ltr'><strong>Et</strong></span> <span class='ocrx_word' id='word_1_116' title='bbox 512 3710 575 3766; x_wconf 83' lang='lat' dir='ltr'><strong>quae</strong></span> <span class='ocrx_word' id='word_1_117' title='bbox 588 3709 672 3748; x_wconf 86' lang='lat' dir='ltr'><strong>mane</strong></span> <span class='ocrx_word' id='word_1_118' title='bbox 687 3690 784 3760; x_wconf 85' lang='lat' dir='ltr'><strong>refert,</strong></span> <span class='ocrx_word' id='word_1_119' title='bbox 804 3699 834 3747; x_wconf 88' lang='lat' dir='ltr'><strong>et</strong></span> <span class='ocrx_word' id='word_1_120' title='bbox 847 3710 911 3766; x_wconf 86' lang='lat' dir='ltr'><strong>quae</strong></span> <span class='ocrx_word' id='word_1_121' title='bbox 924 3691 1107 3767; x_wconf 85' lang='lat' dir='ltr'><strong>surgentibus</strong></span> <span class='ocrx_word' id='word_1_122' title='bbox 1119 3691 1208 3752; x_wconf 78' lang='lat' dir='ltr'><strong>astris.</strong></span> 
     </span>
     <span class='ocr_line' id='line_1_20' title="bbox 460 3792 1175 3863; baseline 0.001 -13"><span class='ocrx_word' id='word_1_123' title='bbox 460 3792 514 3850; x_wconf 83' lang='lat' dir='ltr'><strong>ille</strong></span> <span class='ocrx_word' id='word_1_124' title='bbox 527 3792 579 3850; x_wconf 91' lang='lat' dir='ltr'><strong>ubi</strong></span> <span class='ocrx_word' id='word_1_125' title='bbox 593 3793 756 3851; x_wconf 87' lang='lat' dir='ltr'><strong>nascentem</strong></span> <span class='ocrx_word' id='word_1_126' title='bbox 769 3793 889 3851; x_wconf 87' lang='lat' dir='ltr'><strong>maculis</strong></span> <span class='ocrx_word' id='word_1_127' title='bbox 903 3793 1053 3851; x_wconf 83' lang='lat' dir='ltr'><strong>variaverit</strong></span> <span class='ocrx_word' id='word_1_128' title='bbox 1066 3796 1175 3863; x_wconf 88' lang='lat' dir='ltr'><strong>orbem,</strong></span> 
     </span>
     <span class='ocr_line' id='line_1_21' title="bbox 460 3895 1190 3972; baseline 0 -19"><span class='ocrx_word' id='word_1_129' title='bbox 460 3896 601 3953; x_wconf 82' lang='lat' dir='ltr'><strong>Conditus</strong></span> <span class='ocrx_word' id='word_1_130' title='bbox 614 3895 645 3952; x_wconf 92' lang='lat' dir='ltr'><strong>in</strong></span> <span class='ocrx_word' id='word_1_131' title='bbox 659 3897 776 3963; x_wconf 85' lang='lat' dir='ltr'><strong>nubem,</strong></span> <span class='ocrx_word' id='word_1_132' title='bbox 795 3896 948 3971; x_wconf 87' lang='lat' dir='ltr'><strong>medioque</strong></span> <span class='ocrx_word' id='word_1_133' title='bbox 962 3895 1101 3972; x_wconf 79' lang='lat' dir='ltr'><strong>refugerit</strong></span> <span class='ocrx_word' id='word_1_134' title='bbox 1114 3906 1190 3966; x_wconf 84' lang='lat' dir='ltr'><strong>ortu,</strong></span> 
     </span>
     <span class='ocr_line' id='line_1_22' title="bbox 462 3996 1243 4075; baseline 0.004 -20"><span class='ocrx_word' id='word_1_135' title='bbox 462 3997 589 4074; x_wconf 73' lang='lat' dir='ltr'><strong>Suspecti</strong></span> <span class='ocrx_word' id='word_1_136' title='bbox 603 3997 656 4055; x_wconf 89' lang='lat' dir='ltr'><strong>tibi</strong></span> <span class='ocrx_word' id='word_1_137' title='bbox 669 3998 723 4055; x_wconf 86' lang='lat' dir='ltr'><strong>fint</strong></span> <span class='ocrx_word' id='word_1_138' title='bbox 737 3996 842 4055; x_wconf 87' lang='lat' dir='ltr'><strong>imbres</strong></span> <span class='ocrx_word' id='word_1_139' title='bbox 848 4022 856 4070; x_wconf 78' lang='lat'>5</span> <span class='ocrx_word' id='word_1_140' title='bbox 879 4016 1003 4073; x_wconf 88' lang='lat' dir='ltr'><strong>namque</strong></span> <span class='ocrx_word' id='word_1_141' title='bbox 1016 4010 1121 4075; x_wconf 84' lang='lat' dir='ltr'><strong>urguet</strong></span> <span class='ocrx_word' id='word_1_142' title='bbox 1134 4000 1170 4056; x_wconf 89' lang='lat' dir='ltr'><strong>ab</strong></span> <span class='ocrx_word' id='word_1_143' title='bbox 1183 3998 1243 4058; x_wconf 89' lang='lat' dir='ltr'><strong>alto</strong></span> 
     </span>
     <span class='ocr_line' id='line_1_23' title="bbox 460 4100 1221 4176; baseline 0 -17"><span class='ocrx_word' id='word_1_144' title='bbox 460 4100 676 4175; x_wconf 87' lang='lat' dir='ltr'><strong>Arboribusque</strong></span> <span class='ocrx_word' id='word_1_145' title='bbox 690 4100 813 4175; x_wconf 89' lang='lat' dir='ltr'><strong>satisque</strong></span> <span class='ocrx_word' id='word_1_146' title='bbox 826 4100 923 4157; x_wconf 89' lang='lat' dir='ltr'><strong>Notus</strong></span> <span class='ocrx_word' id='word_1_147' title='bbox 936 4100 1090 4176; x_wconf 89' lang='lat' dir='ltr'><strong>pecorique</strong></span> <span class='ocrx_word' id='word_1_148' title='bbox 1105 4100 1221 4159; x_wconf 76' lang='lat' dir='ltr'><strong>sinister.</strong></span> 
     </span>
     <span class='ocr_line' id='line_1_24' title="bbox 462 4200 1131 4260; baseline 0.001 -1"><span class='ocrx_word' id='word_1_149' title='bbox 462 4204 524 4260; x_wconf 83' lang='lat' dir='ltr'><strong>Aut</strong></span> <span class='ocrx_word' id='word_1_150' title='bbox 537 4202 588 4259; x_wconf 87' lang='lat' dir='ltr'><strong>ubi</strong></span> <span class='ocrx_word' id='word_1_151' title='bbox 602 4201 654 4259; x_wconf 91' lang='lat' dir='ltr'><strong>sub</strong></span> <span class='ocrx_word' id='word_1_152' title='bbox 666 4202 759 4259; x_wconf 90' lang='lat' dir='ltr'><strong>lucem</strong></span> <span class='ocrx_word' id='word_1_153' title='bbox 774 4200 859 4258; x_wconf 90' lang='lat' dir='ltr'><strong>densa</strong></span> <span class='ocrx_word' id='word_1_154' title='bbox 871 4202 948 4258; x_wconf 89' lang='lat' dir='ltr'><strong>inter</strong></span> <span class='ocrx_word' id='word_1_155' title='bbox 961 4202 1060 4260; x_wconf 88' lang='lat' dir='ltr'><strong>nubila</strong></span> <span class='ocrx_word' id='word_1_156' title='bbox 1074 4203 1131 4260; x_wconf 88' lang='lat' dir='ltr'><strong>sese</strong></span> 
     </span>
     <span class='ocr_line' id='line_1_25' title="bbox 461 4302 1184 4381; baseline 0 -19"><span class='ocrx_word' id='word_1_157' title='bbox 461 4303 574 4362; x_wconf 84' lang='lat' dir='ltr'><strong>Diverfi</strong></span> <span class='ocrx_word' id='word_1_158' title='bbox 587 4314 722 4380; x_wconf 89' lang='lat' dir='ltr'><strong>rumpent</strong></span> <span class='ocrx_word' id='word_1_159' title='bbox 735 4302 817 4371; x_wconf 85' lang='lat' dir='ltr'><strong>radii,</strong></span> <span class='ocrx_word' id='word_1_160' title='bbox 837 4313 887 4361; x_wconf 87' lang='lat' dir='ltr'><strong>aut</strong></span> <span class='ocrx_word' id='word_1_161' title='bbox 902 4303 953 4361; x_wconf 91' lang='lat' dir='ltr'><strong>ubi</strong></span> <span class='ocrx_word' id='word_1_162' title='bbox 966 4304 1073 4380; x_wconf 89' lang='lat' dir='ltr'><strong>pallida</strong></span> <span class='ocrx_word' id='word_1_163' title='bbox 1087 4305 1184 4381; x_wconf 86' lang='lat' dir='ltr'><strong>surget</strong></span> 
     </span>
     <span class='ocr_line' id='line_1_26' title="bbox 463 4405 1124 4481; baseline -0.002 -17"><span class='ocrx_word' id='word_1_164' title='bbox 463 4406 584 4465; x_wconf 88' lang='lat' dir='ltr'><strong>Tithoni</strong></span> <span class='ocrx_word' id='word_1_165' title='bbox 597 4425 730 4463; x_wconf 89' lang='lat' dir='ltr'><strong>croceum</strong></span> <span class='ocrx_word' id='word_1_166' title='bbox 743 4405 876 4481; x_wconf 85' lang='lat' dir='ltr'><strong>linquens</strong></span> <span class='ocrx_word' id='word_1_167' title='bbox 889 4407 1001 4463; x_wconf 87' lang='lat' dir='ltr'><strong>Aurora</strong></span> <span class='ocrx_word' id='word_1_168' title='bbox 1014 4407 1109 4464; x_wconf 88' lang='lat' dir='ltr'><strong>cubile</strong></span> <span class='ocrx_word' id='word_1_169' title='bbox 1115 4432 1124 4477; x_wconf 81' lang='lat'>3</span> 
     </span>
     <span class='ocr_line' id='line_1_27' title="bbox 461 4507 1221 4585; baseline 0.003 -20"><span class='ocrx_word' id='word_1_170' title='bbox 461 4508 545 4565; x_wconf 78' lang='lat' dir='ltr'><strong>Heu!</strong></span> <span class='ocrx_word' id='word_1_171' title='bbox 568 4508 642 4565; x_wconf 90' lang='lat' dir='ltr'><strong>male</strong></span> <span class='ocrx_word' id='word_1_172' title='bbox 656 4516 717 4564; x_wconf 89' lang='lat' dir='ltr'><strong>tum</strong></span> <span class='ocrx_word' id='word_1_173' title='bbox 731 4507 815 4564; x_wconf 82' lang='lat' dir='ltr'><strong>mites</strong></span> <span class='ocrx_word' id='word_1_174' title='bbox 827 4507 962 4564; x_wconf 88' lang='lat' dir='ltr'><strong>defendet</strong></span> <span class='ocrx_word' id='word_1_175' title='bbox 975 4509 1125 4585; x_wconf 85' lang='lat' dir='ltr'><strong>pampinus</strong></span> <span class='ocrx_word' id='word_1_176' title='bbox 1139 4528 1221 4567; x_wconf 80' lang='lat' dir='ltr'><strong>uvas:</strong></span> 
     </span>
     <span class='ocr_line' id='line_1_28' title="bbox 460 4608 1261 4687; baseline 0.002 -20"><span class='ocrx_word' id='word_1_177' title='bbox 460 4611 536 4667; x_wconf 92' lang='lat' dir='ltr'><strong>Tam</strong></span> <span class='ocrx_word' id='word_1_178' title='bbox 551 4610 641 4667; x_wconf 89' lang='lat' dir='ltr'><strong>multa</strong></span> <span class='ocrx_word' id='word_1_179' title='bbox 653 4608 683 4665; x_wconf 91' lang='lat' dir='ltr'><strong>in</strong></span> <span class='ocrx_word' id='word_1_180' title='bbox 697 4608 777 4666; x_wconf 68' lang='lat' dir='ltr'><strong>tedis</strong></span> <span class='ocrx_word' id='word_1_181' title='bbox 790 4608 933 4685; x_wconf 85' lang='lat' dir='ltr'><strong>crepitans</strong></span> <span class='ocrx_word' id='word_1_182' title='bbox 943 4609 1006 4667; x_wconf 89' lang='lat' dir='ltr'><strong>salit</strong></span> <span class='ocrx_word' id='word_1_183' title='bbox 1017 4610 1130 4667; x_wconf 81' lang='lat' dir='ltr'><strong>horrida</strong></span> <span class='ocrx_word' id='word_1_184' title='bbox 1142 4612 1261 4687; x_wconf 87' lang='lat' dir='ltr'><strong>grando.</strong></span> 
     </span>
     <span class='ocr_line' id='line_1_29' title="bbox 462 4709 1226 4789; baseline 0 -18"><span class='ocrx_word' id='word_1_185' title='bbox 462 4712 528 4771; x_wconf 91' lang='lat' dir='ltr'><strong>Hoc</strong></span> <span class='ocrx_word' id='word_1_186' title='bbox 541 4711 638 4784; x_wconf 87' lang='lat' dir='ltr'><strong>etiam,</strong></span> <span class='ocrx_word' id='word_1_187' title='bbox 659 4709 773 4769; x_wconf 82' lang='lat' dir='ltr'><strong>emenso</strong></span> <span class='ocrx_word' id='word_1_188' title='bbox 786 4729 877 4787; x_wconf 90' lang='lat' dir='ltr'><strong>quum</strong></span> <span class='ocrx_word' id='word_1_189' title='bbox 885 4709 948 4787; x_wconf 89' lang='lat' dir='ltr'><strong>jam</strong></span> <span class='ocrx_word' id='word_1_190' title='bbox 960 4711 1078 4771; x_wconf 81' lang='lat' dir='ltr'><strong>decedet</strong></span> <span class='ocrx_word' id='word_1_191' title='bbox 1090 4711 1226 4789; x_wconf 86' lang='lat' dir='ltr'><strong>Olympo,</strong></span> 
     </span>
    </p>
   </div>
   <div class='ocr_carea' id='block_1_3' title="bbox 0 0 1757 6884">
    <p class='ocr_par' dir='ltr' id='par_1_6' title="bbox 0 0 1757 6884">
     <span class='ocr_line' id='line_1_30' title="bbox 0 0 1757 6884; baseline 0 0"><span class='ocrx_word' id='word_1_192' title='bbox 0 0 1757 6884; x_wconf 95' lang='lat' dir='ltr'><strong> </strong></span> 
     </span>
    </p>
   </div>
  </div>
 </body>
</html>
