3492 6884
475 1769 534 1845 ruo
731 1765 1011 1837 muaruou
1160 1772 1270 1828 aaut.

473 1923 599 1985 Coutilia
611 1922 643 1982 in
656 1924 759 1982 melius
771 1924 885 1993 reseret,
905 1939 1077 1998 mecumque
1090 1920 1205 1981 fovebit

473 2029 627 2097 Romanoa
647 2046 742 2086 rerum
755 2028 896 2093 doninus,
915 2035 1087 2103 gentemque
1101 2035 1238 2102 togatam.

473 2131 521 2190 Sic
533 2131 682 2208 placimm.
721 2131 828 2189 Veniet
839 2130 932 2187 lustris
944 2129 1106 2187 labentibus
1116 2138 1194 2198 etas,

475 2235 579 2294 Quum
591 2235 693 2293 domur
706 2232 831 2291 Auunci
844 2232 990 2303 Phthiam,
1009 2232 1156 2308 uanaque
1169 2232 1271 2309 Myoe-

553 2357 613 2407 ¹¹³⁸»

474 2441 597 2501 Servitio
608 2452 729 2519 premet,
747 2459 781 2498 ac
793 2439 874 2497 vinis
886 2437 1083 2498 dominabitur
1095 2438 1192 2516 Argia.

473 2544 619 2604 Nascetur
630 2544 749 2622 pulchri
761 2542 903 2619 Trojanus
915 2542 1026 2619 urigine
1037 2541 1141 2612 Caesar,

474 2648 632 2724 Imperium
644 2645 771 2714 Oceano,
791 2647 899 2703 famam
911 2646 963 2720 qui
976 2645 1111 2705 terminet
1122 2644 1211 2715 astris,

473 2749 578 2827 Julius,
598 2767 614 2805 a
627 2766 733 2823 magno
744 2747 896 2804 demiisum
909 2766 1013 2804 nomen
1028 2747 1105 2805 Iulo:

474 2851 565 2909 Hunc
578 2861 610 2908 tu
623 2850 694 2907 olim
705 2850 787 2918 ooeln,
809 2849 905 2925 spoliis
916 2850 1032 2909 orientia
1045 2850 1187 2920 onustum,

473 2952 612 3030 Adcipiua
624 2952 734 3010 secura:
756 2953 905 3010 vocabitur
922 2952 971 3009 hic
984 2972 1098 3029 quoque
1109 2954 1193 3011 votis.

474 3056 585 3134 Aspera
599 3068 662 3114 tum
672 3056 767 3132 potitis
779 3055 930 3114 mitescent
942 3055 1043 3113 saecula
1056 3056 1152 3113 bellis:

475 3159 556 3219 Caua
570 3158 661 3229 Fides,
680 3171 710 3217 et
723 3160 815 3229 Vesta,
837 3160 929 3216 Remo
941 3177 1009 3216 cum
1022 3159 1109 3217 fratre
1121 3157 1272 3229 Quirinus,

475 3266 545 3343 Jura
558 3264 681 3322 dabunt:
704 3262 773 3321 dirae
787 3262 863 3320 ferro
875 3273 905 3319 et
918 3262 1093 3339 conpagibus
1104 3265 1182 3332 artis,

476 3367 656 3426 claudentur
669 3365 741 3423 Belli
753 3375 856 3443 portae:
880 3367 969 3423 Furor
981 3366 1077 3443 inpius
1088 3366 1174 3434 intus,
1237 3346 1247 3369 ⁸

476 3471 554 3528 Saeva
567 3470 664 3528 sedens
678 3469 761 3546 super
774 3488 862 3538 anna,
875 3479 905 3526 et
917 3481 1036 3527 centum
1049 3469 1163 3529 viniius
1175 3468 1253 3529 ainis

475 3574 539 3632 Post
550 3585 663 3650 tergum
677 3573 768 3641 nodis,
787 3573 891 3630 fremet
904 3573 1035 3631 horridus
1045 3592 1093 3631 oru
1105 3583 1232 3631 cruento.
1275 3593 1278 3600 ·

516 3678 588 3735 Haec
601 3677 659 3735 ait:
681 3687 711 3734 et
723 3677 804 3734 Maia
818 3676 950 3752 genitum
961 3676 1089 3733 demittit
1102 3678 1139 3733 ab
1152 3676 1227 3747 alto3

475 3779 520 3839 Ut
534 3790 624 3847 terrae,
645 3791 734 3856 utque
748 3800 829 3837 novae
841 3790 958 3856 pateant
971 3778 1155 3856 Carthaginis
1166 3798 1242 3837 arcer

476 3882 609 3959 Hospitio
620 3883 752 3940 Teucris:
779 3902 815 3939 ne
830 3882 883 3939 sati
897 3880 988 3937 nescia
1001 3881 1079 3938 Dido

476 3985 593 4043 Finibus
607 3997 722 4043 arceret.
753 3985 840 4041 Volat
853 3984 903 4041 ille
916 4003 966 4061 per
978 3986 1042 4041 aira
1055 4002 1194 4061 magnum

476 4088 611 4164 Remigio
623 4088 745 4145 alarum:
768 4107 800 4145 ac
812 4088 912 4164 Libyae
924 4087 998 4144 citus
1010 4087 1118 4145 adstitit
1129 4088 1194 4146 oris.

475 4191 513 4249 Et
522 4189 583 4266 jam
592 4188 665 4265 juiia
678 4190 764 4247 facit:
786 4200 954 4265 ponuntque
969 4189 1072 4247 ferocia
1086 4191 1165 4247 Poeni

474 4293 579 4361 Corda,
600 4292 713 4349 volente
727 4292 799 4349 Deo.
841 4292 875 4348 In
888 4291 989 4367 primia
1003 4292 1101 4368 regina
1114 4292 1245 4368 quietum

474 4393 595 4471 Adcipit
613 4392 645 4450 in
657 4393 783 4450 Teucros
802 4393 944 4462 aniruum,
967 4404 1150 4469 mentemque
1169 4396 1270 4474 benig-

591 4514 666 4554 nam.

512 4600 555 4659 At
568 4598 634 4677 pius
645 4599 763 4667 AEneas‚
782 4616 833 4674 per
845 4598 957 4656 nostem
971 4596 1094 4674 plurima
1108 4599 1233 4670 volvens,

473 4702 518 4763 Ut
529 4702 656 4782 primum
667 4701 719 4760 lux
733 4701 807 4760 alma
820 4701 887 4759 data
899 4699 948 4773 est,
967 4700 1056 4770 exire,
1075 4701 1208 4778 locouque
