3492 6884
475 1742 531 1794 134
788 1731 947 1790 eluta.
1160 1738 1265 1803 v.290.

471 1889 554 1946 Tene
566 1905 630 1963 ego,
649 1893 709 1944 tam
721 1886 808 1964 longe
820 1896 903 1964 capta
916 1894 1001 1962 atque
1013 1884 1119 1952 onesta,
1139 1884 1266 1961 nequivi,

471 1989 547 2048 Tam
559 2007 646 2066 grave
658 1988 813 2056 servitium,
833 1999 893 2048 tam
905 1989 989 2046 duros
1001 1986 1075 2064 paffa
1088 1986 1207 2056 laborea,

472 2089 617 2168 Effugere,
637 2101 671 2147 ut
683 2090 774 2148 sitiam
786 2090 910 2148 exitium
921 2089 1036 2148 crudele
1049 2091 1193 2146 meorum?

471 2192 538 2270 Jam
546 2191 608 2269 jam
620 2211 673 2251 nec
686 2192 768 2251 nobie
780 2211 823 2262 ea,
843 2211 908 2268 quae
920 2191 1084 2260 senioribus,
1103 2191 1197 2249 ullum

472 2293 563 2371 Copia
575 2294 690 2354 vivendi
702 2294 769 2352 vitae
781 2312 881 2370 genus.
921 2294 964 2351 Ut
978 2292 1048 2369 quid
1060 2311 1115 2370 ego
1127 2312 1234 2363 amena,

470 2399 516 2456 Te
527 2398 633 2476 erepti,
652 2417 671 2455 o
682 2397 861 2456 Britomarti!
884 2415 956 2455 meae
968 2396 1028 2473 spes
1039 2416 1097 2454 una
1109 2396 1215 2468 salutis,

470 2502 525 2571 Te,
544 2500 719 2568 Britomarti,
737 2500 813 2558 diem
826 2500 907 2575 potui
921 2500 1074 2576 produoere
1086 2501 1170 2558 vitae?

471 2602 571 2678 Atque
582 2602 695 2659 utinam
707 2600 792 2659 celeri
805 2619 842 2660 ne
856 2609 969 2659 tantum
981 2612 1061 2677 grata
1073 2603 1175 2662 Dianae

471 2705 599 2768 Venatus
610 2702 678 2761 effea
690 2702 772 2779 virgo
785 2702 887 2762 scitata
900 2701 1033 2772 virorum,

473 2804 586 2865 Cnossia
598 2822 655 2863 neu
668 2803 771 2863 Partho
783 2805 957 2863 contendens
970 2804 1076 2881 spicula
1089 2824 1178 2865 cornu

472 2906 596 2966 Diem
607 2923 704 2983 ageres
716 2906 753 2964 ad
766 2906 895 2982 manaim
909 2914 976 2963 nota
988 2906 1124 2982 capellas:

472 3008 641 3085 Nunquam,
661 3019 722 3066 tam
733 3009 840 3065 obnixe
852 3006 965 3083 fugiens
977 3007 1088 3065 Minoia
1101 3026 1219 3080 amores,

472 3112 597 3187 Praeoepa
610 3109 692 3168 aeriis
704 3109 817 3186 speculi
829 3110 865 3167 de
878 3109 1023 3166 montibus
1035 3108 1110 3180 iffes3

473 3213 560 3272 Unde
572 3212 622 3270 alii
634 3211 736 3288 fugisse
748 3210 854 3294 ferunt,
872 3219 903 3269 et
916 3209 1034 3268 numina
1048 3211 1167 3287 Aphaeae

472 3312 602 3389 Virginis
614 3313 776 3389 adsignant:
799 3312 858 3380 alii,
878 3331 936 3387 quo
948 3311 1042 3370 notior
1054 3311 1131 3384 effe,

473 3414 650 3492 Dioiyumm
662 3414 760 3473 dixere
774 3426 824 3472 tuo
836 3415 872 3472 de
885 3414 1002 3471 nomine
1014 3415 1136 3474 Lunam.

473 3517 537 3576 Sint
549 3517 611 3576 hanc
623 3536 690 3575 vera
701 3517 802 3575 velim:
825 3515 899 3575 mihi
911 3528 996 3584 oerte,
1016 3525 1112 3591 gnata,
1132 3517 1236 3593 peristi.

473 3620 643 3696 Numquam
665 3625 722 3695 ego
744 3627 772 3676 te
797 3617 908 3676 summo
928 3617 1097 3678 volitantem
1113 3618 1144 3675 in
1162 3620 1269 3678 vertice

550 3720 658 3780 montis

473 3825 623 3901 Hyrcanos
635 3824 711 3884 iuter
722 3823 840 3881 comites
852 3838 1012 3899 agmenque
1025 3823 1149 3881 ferarum

473 3926 662 4004 Conspiciam,
682 3943 735 3982 nec
748 3934 776 3982 te
789 3925 955 3982 redeuntem
968 3924 1098 4002 amplexa
1112 3927 1224 3985 tenebo.

473 4028 584 4086 Verum
596 4027 658 4085 haec
671 4036 733 4086 tum
748 4025 829 4083 uobia
840 4025 936 4101 gravia
950 4035 1036 4101 atque
1047 4026 1166 4104 indigna
1179 4028 1269 4100 suere,

383 4133 386 4137 ’
472 4130 560 4196 Tum,
573 4145 638 4186 mea
650 4128 774 4195 alumna,
791 4127 834 4185 tui
847 4146 915 4184 cum
927 4126 988 4203 spen
1001 4127 1112 4205 integra
1126 4140 1254 4189 maneret
1258 4156 1268 4204 3

473 4233 512 4290 Et
523 4249 580 4288 vox
592 4230 643 4290 ista
655 4249 732 4288 meaa
744 4246 803 4287 non
815 4229 885 4288 dum
898 4229 1051 4288 violaverat
1063 4250 1152 4291 auree.

472 4333 554 4392 Tene
563 4332 653 4390 etiam
665 4331 789 4390 Fortuna
801 4331 874 4390 mihi
887 4331 1009 4390 crudelis
1021 4334 1143 4392 ademit?

472 4435 563 4506 Tene,
582 4434 614 4490 o!
636 4433 694 4492 sola
708 4452 779 4491 meae
791 4433 906 4492 vivendi
918 4434 1010 4492 oaussa
1024 4434 1158 4493 fencota?

473 4537 562 4614 Saepe,
580 4545 633 4594 tuo
643 4535 723 4596 dulci
734 4536 927 4612 nequidquam
939 4546 1020 4612 capta
1035 4536 1139 4614 sopore,

473 4639 551 4700 Cum
562 4649 702 4722 premeret
715 4649 826 4709 natura,
845 4638 919 4698 mori
931 4657 977 4698 me
990 4640 1062 4699 velle
1074 4639 1186 4717 negavi,
