3492 6884
500 1759 544 1831 90
735 1750 1065 1825 osonurcou,
1107 1809 1109 1812 ,
1188 1749 1298 1824 emo

501 1906 583 1968 Hinc
594 1914 624 1965 et
636 1919 734 1965 amant
746 1908 849 1967 fluvios
863 1908 966 1985 magis,
985 1927 1019 1966 ac
1031 1905 1124 1985 magis
1136 1906 1223 1965 ubera
1236 1914 1301 1964 ten·

580 2009 664 2080 dunt,

503 2111 544 2175 Et
554 2110 619 2170 salis
631 2110 777 2170 oecultum
790 2112 919 2171 referunt
931 2111 963 2170 in
976 2104 1049 2170 labie
1062 2110 1200 2188 saporan.
1243 2156 1247 2161 .

503 2212 596 2273 Multi
604 2211 665 2291 jam
678 2225 807 2272 excretos
819 2213 972 2290 prohibent
984 2233 1001 2272 a
1014 2214 1153 2272 matribus
1165 2212 1272 2282 hredos,
1331 2254 1350 2293 0

505 2298 656 2392 Primaque
668 2315 778 2373 ferratis
791 2317 945 2392 praefigunt
956 2334 1006 2373 ora
1018 2315 1152 2393 capistris.

505 2419 595 2478 Quod
607 2418 739 2496 surgente
752 2420 799 2477 die
811 2419 933 2477 mulsere
947 2417 1081 2494 horisque
1092 2415 1210 2484 (limis,

505 2520 600 2579 Neue
609 2530 759 2597 premunt5
773 2523 849 2596 quod
858 2519 920 2598 jam
931 2519 1055 2578 tenebris
1063 2528 1093 2576 et
1105 2517 1163 2575 sole
1171 2517 1301 2588 cadente,

506 2623 566 2681 sub
578 2622 673 2681 lucem
686 2633 839 2698 exportans
851 2621 981 2690 calathis,
994 2620 1054 2679 adit
1066 2619 1170 2698 oppida
1182 2618 1288 2697 peston

506 2729 570 2782 Aut
582 2743 667 2800 parm
678 2723 735 2780 sale
747 2724 931 2800 contingunt,
951 2723 1098 2799 hiemique
1110 2730 1262 2798 reponunt.
1379 2788 1382 2795 ¹

546 2826 612 2884 Nec
625 2825 679 2883 tibi
691 2845 758 2884 cura
770 2845 876 2884 canum
888 2825 976 2884 fixerit
988 2826 1138 2903 postrema:
1161 2825 1210 2882 sed
1220 2843 1278 2886 una

506 2925 622 2986 Velocis
635 2927 740 3002 Spartae
752 2927 871 2996 catulos,
883 2946 1034 3003 acremque
1046 2925 1211 2994 Molossum,

507 3027 593 3088 l’nsce
604 3028 666 3086 sero
677 3028 791 3106 pingui.
829 3030 1000 3105 Numquam
1012 3028 1171 3087 custodibus
1183 3027 1242 3086 illis

507 3128 692 3190 Housmam
706 3129 818 3188 stabulis
830 3130 934 3199 furem,
952 3129 1137 3207 incursusque
1149 3130 1295 3209 luporum,

508 3233 573 3291 Ant
584 3231 727 3310 inpacatos
740 3251 756 3290 a
771 3243 852 3308 tergo
864 3232 991 3291 horrebis
1003 3231 1135 3290 Hiberos.

509 3321 590 3410 Saepe
602 3332 691 3392 etiarn
702 3333 785 3392 cursu
799 3334 914 3392 timidos
926 3332 1049 3411 agitabis
1060 3352 1190 3411 omgrne,

510 3437 548 3494 Et
560 3435 677 3493 mnibus
689 3436 825 3513 leporem,
845 3435 962 3494 mnibus
975 3438 1116 3494 venabere
1127 3437 1233 3494 damas

510 3538 601 3614 Saepe,
619 3538 774 3597 volutabris
787 3539 881 3615 pulsos
893 3537 1071 3607 silvestribus,
1089 3556 1171 3615 apros

510 3640 630 3698 Latratu
645 3640 771 3698 turbabis
784 3659 880 3716 agens,
899 3639 1061 3717 montisque
1072 3657 1124 3715 per
1135 3639 1207 3696 altos

510 3742 665 3818 Ingentem
676 3743 800 3800 clamore
812 3760 923 3819 premes
935 3741 972 3799 ad
983 3726 1054 3798 retia
1066 3759 1193 3799 serrum.

550 3843 637 3902 Disce
650 3855 680 3901 et
692 3844 842 3902 odoratum
854 3843 969 3901 stabulis
981 3843 1138 3901 adcendere
1149 3843 1277 3911 cedrum,

511 3947 717 4022 Galbaneoque
728 3946 836 4026 agitare
849 3946 941 4021 gravis
954 3945 1054 4003 nidore
1066 3945 1224 4022 chelydros.

513 4049 593 4124 Saepe
605 4048 657 4105 sub
669 4047 787 4106 inmotis
799 4046 980 4124 praesepibus,
998 4057 1050 4106 aut
1061 4047 1136 4106 mals
1150 4047 1229 4105 tastu

512 4149 617 4225 Vipera
631 4142 755 4217 delituit,
775 4148 937 4225 coelumque
950 4151 1085 4208 exterrita
1097 4150 1191 4227 fugit;

512 4251 587 4319 Aut,
607 4250 681 4307 teilo
693 4250 824 4308 adsuetus
837 4251 954 4308 coluber
966 4250 1114 4310 sucoedere
1126 4269 1157 4310 et
1172 4254 1289 4334 umbre,

513 4351 598 4412 Pestis
610 4352 709 4409 acerba
722 4353 820 4420 boum,
840 4351 992 4428 pecorique
1005 4341 1270 4430 adspergererims,
1396 4330 1399 4339 Ι

513 4454 596 4514 Fovit
620 4453 752 4511 humum.
797 4455 877 4530 Cape
900 4453 966 4512 saxa
985 4473 1083 4525 mauu,
1107 4475 1179 4532 cape
1201 4459 1310 4529 robora,

591 4555 697 4634 pastor3
1303 4539 1306 4545 ’

511 4658 734 4734 Tollentemque
747 4655 838 4715 minas
850 4667 883 4716 et
894 4655 974 4715 fibiln
986 4658 1060 4716 colla
1073 4668 1234 4720 tumentem
