3492 6884
438 1782 549 1856 v.627.
746 1788 845 1847 ΗΒ.
885 1787 924 1848 11.
1177 1794 1235 1859 2³9

440 1939 551 2020 Quum,
574 1941 650 1999 serm
669 1941 792 2001 adcisam
807 1942 968 2020 crebrisque
986 1942 1168 2020 bipennibus,
1189 1940 1234 1999 in-

516 2043 588 2101 stant

439 2144 544 2203 Emere
556 2146 688 2222 agricolae
701 2147 841 2218 certatim,
860 2147 910 2204 illa
924 2166 1012 2222 usque
1025 2147 1159 2216 minatur,

437 2247 485 2316 Et,
506 2248 670 2307 tremefacta
682 2268 794 2306 comam
806 2247 938 2306 concusso
951 2249 1065 2314 vertice,
1086 2258 1169 2306 nutat

436 2348 622 2420 Vulneribus,
644 2351 736 2408 donec
748 2350 897 2427 paullatim
908 2350 998 2408 erista
1012 2350 1173 2426 supremum

437 2451 623 2526 congemuit,
642 2454 787 2529 traxitque
796 2452 874 2529 jugis
887 2452 978 2510 avolsa
991 2452 1113 2510 minam.

436 2551 596 2621 Descende,
606 2572 648 2622 ac,
658 2554 781 2612 ducente
790 2555 852 2622 deo,
865 2555 1012 2613 flammam
1023 2555 1097 2613 inter
1106 2564 1136 2612 et
1146 2553 1230 2612 hostis

436 2653 595 2732 inpedior,
617 2657 687 2714 dant
699 2657 755 2715 tela
768 2656 873 2726 loctun,
891 2657 1071 2731 flammaeque
1084 2656 1228 2715 recedunt.

473 2758 583 2832 Atque,
590 2759 640 2815 ubi
646 2757 707 2835 jam
713 2760 813 2836 patriar
820 2767 988 2836 perventum
996 2758 1033 2816 ad
1042 2758 1141 2816 limina
1150 2758 1231 2828 sedis,

435 2860 637 2935 Antiquasque
647 2862 758 2933 domos,
771 2861 892 2938 genitor,
904 2878 991 2936 quem
1003 2860 1103 2918 tollere
1114 2861 1144 2918 iu
1157 2861 1230 2919 altos

435 2961 580 3037 Optabam
593 2963 719 3039 primum
731 2962 845 3030 montis,
863 2962 1045 3039 primumque
1058 2965 1199 3039 petebam,

434 3064 570 3140 Abnegat
582 3064 677 3122 excisa
688 3066 777 3122 vitam
789 3064 944 3141 producere
955 3064 1051 3141 Trojil,

434 3164 631 3241 Exsiliumque
644 3165 713 3242 pati.
744 3167 803 3223 Vos
815 3165 847 3223 ol
869 3149 971 3241 fflribus
984 3166 1096 3242 integer
1107 3167 1161 3224 aevi

434 3267 564 3344 Sanguis,
584 3269 633 3337 ait,
653 3267 805 3344 solidasque
816 3268 865 3325 suo
879 3267 950 3325 stant
965 3270 1063 3325 robore
1076 3268 1158 3339 vires,

432 3371 492 3428 Vos
505 3370 612 3447 agitate
624 3370 742 3447 fugamr

433 3475 486 3531 Me
499 3474 520 3532 si
533 3474 668 3532 ooelicolae
680 3472 829 3530 voluissent
841 3473 944 3529 ducere
956 3472 1054 3540 vitam,

434 3577 495 3634 Has
508 3576 582 3633 mibi
594 3573 744 3633 servassent
757 3574 843 3632 sedes.
884 3574 955 3631 Satis
968 3592 1035 3640 una,
1056 3572 1202 3650 superque,

433 3677 567 3735 Vidimus
580 3676 703 3745 excidia,
723 3686 753 3735 et
765 3686 856 3753 captae
869 3674 1061 3751 superavimus
1073 3676 1148 3735 urbi.

432 3780 478 3838 Sic
490 3781 522 3838 ol
544 3779 583 3837 src
595 3779 716 3856 positum
730 3777 820 3836 adfati
832 3776 968 3835 discedite
979 3795 1090 3853 corpus.

433 3881 496 3959 lpse
509 3899 596 3939 manu
609 3888 731 3938 mortem
742 3878 898 3937 inveniam.
933 3879 1120 3937 Miserebitur
1131 3878 1225 3950 hostis,

432 3984 613 4059 Exuviasque
626 3991 712 4059 petet.
753 3980 853 4039 Facilis
862 3980 971 4058 jasium
984 3980 1115 4057 sepulcri.

431 4086 496 4163 Jam
509 4085 620 4161 pridem
632 4083 737 4142 invisus
750 4081 832 4150 divis,
852 4093 882 4140 et
895 4082 1014 4150 inutilis,
1034 4101 1122 4141 annos

431 4188 586 4259 Demoror3
600 4206 637 4244 ex
647 4204 704 4263 quo
713 4204 760 4243 me
770 4184 866 4242 divom
878 4194 967 4261 pater,
978 4194 1064 4259 atque
1074 4184 1226 4242 bominum

508 4308 569 4359 rex,

430 4390 570 4449 Fulminis
583 4388 699 4448 adflavit
713 4388 814 4456 ventis,
833 4397 864 4446 et
876 4387 999 4463 contigit
1010 4386 1084 4463 igni.

428 4493 510 4551 Talia
524 4492 664 4569 perstabat
676 4509 844 4559 memorans,
863 4490 993 4564 sinusque
1005 4491 1153 4547 manebat:

429 4595 492 4653 Nos
504 4605 611 4661 eontra,
631 4592 712 4651 effusi
725 4592 857 4662 lacrimis,
876 4589 1059 4668 oonjnnxque
1068 4588 1184 4657 Creusa,

430 4695 636 4772 Ascaniusque,
651 4693 803 4776 annisque
814 4693 926 4762 domur,
938 4711 975 4751 ne
987 4703 1097 4752 vertere
1108 4691 1205 4752 secum
