3492 6884
494 1698 554 1777 20⁰
755 1696 1032 1766 AENEIDOS,
1182 1695 1294 1751 naen

497 1848 612 1926 Europd
625 1843 712 1929 atque
724 1851 912 1930 Afid‘pulsus,
956 1854 1021 1912 Nec
1033 1850 1114 1929 plura
1126 1856 1295 1926 querentem

498 1950 575 2008 Passa
588 1952 688 2012 Venus
700 1955 797 2013 medio
809 1957 846 2013 src
859 1956 994 2014 interfata
1007 1954 1104 2011 dolore
1117 1950 1171 2009 est:

539 2052 677 2130 Quisquis
688 2074 726 2126 es,
738 2056 823 2126 haud,
832 2059 926 2126 credo,
935 2055 1041 2114 invisus
1048 2052 1207 2112 ooelestibus
1214 2066 1298 2109 auras

498 2155 609 2214 Vitalcs
622 2157 722 2234 carpis,
735 2161 854 2236 Tyriam
867 2160 919 2236 qui
929 2157 1079 2218 adveneris
1089 2159 1205 2214 urbem:

498 2257 588 2334 Perge
598 2260 692 2331 modo,
705 2273 791 2337 atque
801 2262 870 2320 hinc
878 2273 907 2320 te
918 2261 1025 2338 reginae
1036 2261 1073 2318 ad
1081 2257 1182 2316 limina
1192 2254 1297 2334 perfer.

379 2429 383 2433 ⁸
498 2359 635 2436 Namque
649 2362 702 2420 tibi
715 2363 832 2422 reduces
845 2348 944 2433 socios,
964 2362 1134 2438 clsffemqne
1147 2359 1266 2417 relatam

499 2461 625 2532 Nuntio,
644 2474 673 2522 et
686 2465 718 2522 in
731 2475 828 2524 tutum
841 2466 926 2524 verfis
939 2463 1121 2542 aquilonibus
1133 2461 1240 2521 astam:

500 2563 543 2622 Ni
554 2565 655 2623 frustm
667 2566 821 2642 augurium
833 2567 901 2625 vani
914 2568 1035 2633 docuere
1047 2574 1187 2643 parentes.

501 2666 627 2742 Adspice
640 2666 684 2725 bis
697 2667 776 2726 senos
789 2668 913 2727 laetantis
924 2668 1041 2745 agmine
1053 2685 1168 2745 cycnos,

501 2768 637 2826 AEthcrid
650 2787 721 2844 quos
734 2770 810 2847 lapsa
823 2761 908 2848 plagi
921 2770 1000 2847 Jovie
1012 2770 1071 2828 ales
1083 2778 1182 2846 aperto

500 2871 649 2930 Turbabat
662 2873 749 2931 coelo:
772 2893 850 2931 nunc
863 2884 950 2932 terras
962 2873 1063 2932 ordine
1076 2873 1164 2949 longo

502 2973 566 3032 Aut
578 2993 688 3050 capere,
707 2985 756 3033 aut
770 2987 864 3053 captas
873 2975 935 3053 jam
948 2976 1118 3052 despectare,
1136 2974 1279 3039 videntur.

501 3074 546 3132 Ut
559 3074 676 3134 reduces
690 3076 732 3135 ilii
746 3078 852 3136 ludunt
863 3078 1046 3137 stridentibus
1058 3078 1120 3147 alis,

502 3177 541 3234 Et
553 3189 630 3235 coetu
643 3177 758 3237 cinxere
770 3180 879 3256 polum,
897 3190 1053 3256 cautusque
1066 3181 1185 3252 dedere,

502 3279 591 3337 Haud
603 3279 688 3337 aliter
699 3299 865 3357 puppesque
878 3292 944 3351 tuae,
963 3284 1109 3359 pubesque
1122 3291 1243 3364 tuorum

503 3383 566 3439 Aut
578 3394 694 3459 portum
707 3393 796 3454 tenet,
817 3393 867 3441 aut
880 3383 965 3459 pleno
978 3383 1054 3442 subit
1066 3383 1136 3442 ostia
1148 3384 1221 3442 velo.

502 3486 592 3561 Perge
604 3485 706 3556 modo,
729 3497 768 3555 et,
783 3485 840 3561 qud
857 3495 886 3543 te
900 3485 980 3543 ducit
993 3485 1049 3556 via,
1063 3485 1155 3562 dirige
1168 3484 1300 3562 grossum.

541 3587 639 3659 Dixit,
661 3597 700 3659 et,
720 3597 858 3657 avertens,
880 3586 958 3644 rosei
970 3586 1080 3645 cervice
1093 3587 1213 3655 refulfit,

502 3690 718 3765 Ambrosraeque
731 3709 821 3747 cornae
834 3688 967 3747 divinum
979 3689 1086 3746 vertice
1097 3691 1216 3747 odorem

502 3791 664 3868 spiravere,
686 3793 770 3868 pedes
783 3791 865 3848 vestis
877 3790 1000 3848 defluxit
1012 3791 1048 3848 ad
1061 3790 1143 3861 imos,

502 3895 540 3953 Et
553 3913 618 3951 vera
630 3893 739 3951 inceffu
753 3892 845 3969 patuit
859 3893 921 3950 dea.
962 3892 1025 3961 Ille,
1044 3891 1095 3950 ubi
1108 3901 1230 3950 matrem

502 3995 643 4072 Agnovit,
663 3994 716 4052 tali
728 3994 891 4070 fugientem
904 3993 944 4050 est
956 4012 1025 4052 voce
1038 3993 1163 4052 secutus:

503 4096 587 4156 Quid
600 4106 700 4153 natum
715 4094 807 4164 toties,
827 4094 950 4151 crudelis
962 4105 994 4152 tu
1006 4114 1128 4170 quoque,
1149 4096 1224 4154 fatris

502 4197 593 4258 Ludis
605 4195 796 4272 imaginibus?
817 4215 868 4253 cur
880 4197 988 4253 dextrae
995 4196 1118 4275 jungere
1131 4198 1263 4257 dextram

502 4299 574 4359 Non
587 4299 680 4366 datur,
699 4315 733 4354 ac
745 4315 824 4355 veras
836 4297 936 4354 audire
948 4307 978 4355 et
991 4300 1108 4356 reddere
1121 4302 1222 4358 voces?

501 4401 621 4462 Talibus
633 4397 755 4469 incusat,
775 4398 954 4476 greffumque
967 4401 1004 4458 ad
1017 4402 1122 4458 moenia
1139 4402 1242 4462 tendit.

502 4507 546 4563 At
559 4504 659 4561 Venus
671 4501 789 4559 obscuro
802 4500 958 4578 gradientis
971 4504 1035 4560 aire
1048 4501 1147 4580 saepfit,

502 4608 540 4667 Et
551 4606 645 4667 multo
657 4604 771 4665 nebulae
785 4603 895 4663 circum
907 4604 960 4664 dea
972 4604 1050 4673 fudit
1061 4605 1181 4665 amictu:
