3492 6884
441 1836 470 1879 v.
482 1825 549 1880 150.
748 1816 847 1878 LI'R
887 1816 941 1876 lv.
1181 1823 1250 1875 nt>

441 1972 574 2042 Addidit,
593 1971 758 2050 expediam3
779 1992 831 2051 pro
843 1963 900 2050 qud'
912 1971 1051 2040 mercede,
1067 1988 1185 2029 cancro·

315 2128 318 2133 .
442 2074 705 2158 Curetumsonitur
716 2074 942 2152 crepitantiaque
953 2092 1009 2132 aera
1021 2072 1134 2143 secutae,

442 2175 553 2235 nimo
564 2176 630 2235 coeli
643 2195 741 2253 regem
751 2196 855 2254 pavere
866 2176 919 2235 sub
930 2185 1021 2234 antro.

316 2295 335 2317 ²
443 2278 516 2348 Sole
528 2279 687 2337 communio
699 2289 810 2355 gnatos,
829 2277 971 2340 consortia
984 2279 1058 2338 teon

443 2379 542 2450 Urbis,
560 2380 683 2454 habent3
704 2380 873 2459 magnisque
886 2380 999 2459 agitant
1010 2380 1063 2439 sub
1074 2377 1187 2456 legibue
1198 2395 1237 2435 m·

521 2502 605 2555 vum,

444 2586 483 2645 Et
494 2586 617 2663 patriam
629 2585 704 2656 sclae,
724 2595 754 2643 et
765 2596 857 2645 certos
870 2604 974 2644 novere
987 2584 1115 2655 Penatis3

443 2688 638 2764 venturaeque
650 2687 753 2746 hiemis
765 2707 905 2747 memores
916 2688 1010 2746 aestate
1022 2686 1150 2745 laborem

445 2790 647 2867 Experinntur,
666 2799 697 2848 et
709 2790 740 2848 in
753 2789 884 2848 medinm
896 2789 1011 2866 quaefita
1024 2795 1175 2864 reponunt.

444 2891 580 2968 Namque
592 2892 656 2950 alite
668 2891 747 2949 tidlu
758 2891 923 2968 invigilant,
942 2902 973 2948 et
985 2890 1093 2949 foedere
1106 2887 1190 2967 pado

445 2995 622 3054 Exercentur
634 2994 722 3071 agris:
743 3013 807 3071 pars
819 2994 896 3053 intra
908 2993 995 3073 septa
1007 2993 1159 3052 domorum

445 3095 567 3156 Narciffi
580 3096 737 3166 lacrimam,
756 3106 787 3153 et
798 3087 911 3154 lennem
923 3095 960 3155 de
971 3094 1077 3154 cortice
1090 3094 1201 3171 gluten,

446 3197 541 3259 Prinna
553 3197 626 3255 favis
638 3206 750 3274 ponunt
761 3197 941 3269 fundamina,
961 3197 1065 3256 deinde
1077 3195 1186 3256 tenacia

446 3300 628 3376 suspendunt
640 3317 731 3369 ceras,
753 3299 826 3367 aliae,
846 3298 924 3376 spem
936 3298 1039 3377 gentis,
1058 3298 1169 3356 adulter

445 3403 583 3462 Educunt
594 3401 683 3472 fetur3
705 3401 768 3459 aliae
779 3400 925 3478 pnriffima
937 3400 1024 3460 mella

446 3504 569 3581 Stipant,
588 3512 619 3560 et
630 3501 741 3579 liquido
754 3502 919 3560 distendunt
930 3502 1044 3560 nestore
1057 3500 1151 3559 cellae.

446 3607 528 3675 Sunt,
549 3604 653 3681 quibus
666 3604 701 3663 ad
713 3612 808 3680 portae
820 3602 925 3663 cecidit
937 3602 1061 3662 custodia
1075 3601 1157 3673 sorti,

446 3708 540 3784 Inque
551 3708 644 3765 vicem
657 3705 836 3784 speculantur
847 3724 935 3781 aquae
945 3714 976 3764 et
988 3705 1088 3763 nubila
1100 3702 1181 3775 coeli,

446 3813 510 3871 Ant
523 3829 610 3870 onera
621 3809 772 3887 excipiunt
782 3808 959 3877 venientum,
979 3818 1031 3866 ant
1043 3807 1158 3885 agmine
1168 3806 1243 3866 facto

447 3914 598 3990 Ignavum,
619 3913 709 3981 fucos,
727 3930 814 3989 pecua
826 3930 843 3970 a
856 3911 1028 3988 praesepibus
1040 3920 1151 3970 arcent:

447 4014 548 4074 Fervet
560 4033 640 4092 cpm,
659 4014 845 4090 redolentque
858 4014 960 4089 thymo
979 4013 1135 4090 fragrantia
1147 4012 1241 4073 mella.

447 4120 494 4175 Ac
506 4117 607 4186 veluti,
626 4116 710 4175 lentio
722 4115 860 4193 Cyclopes
873 4114 997 4173 fulmina
1009 4115 1102 4174 mass'u

448 4218 552 4278 Quum
564 4228 725 4296 properant,
745 4218 797 4275 alii
810 4218 928 4276 taurinis
940 4218 1059 4276 follibus
1070 4236 1152 4277 aurae

447 4320 611 4398 Adcipinnt
623 4321 812 4395 redduntque,
832 4319 883 4377 alii
896 4319 1040 4379 stridentia
1055 4320 1194 4398 tinguunt

448 4422 522 4481 AEra
535 4422 615 4492 lacu,
637 4421 729 4498 gemit
740 4421 867 4498 inpofitia
880 4421 1032 4480 incudibua
1044 4422 1152 4482 AEtna:

449 4524 496 4583 Illi
509 4525 586 4583 inter
598 4523 657 4582 sese
669 4525 775 4601 magna
787 4524 817 4582 vi
830 4525 947 4583 brachia
960 4525 1067 4583 tollunt

449 4628 486 4685 In
497 4645 659 4696 nnmerum,
671 4625 840 4703 versantque
854 4626 948 4685 tenaci
960 4625 1069 4703 forcipe
1080 4626 1203 4686 sermm:

449 4728 521 4787 Non
532 4726 627 4802 aliter,
645 4727 669 4787 fi
679 4746 766 4805 parva
778 4727 848 4787 licet
859 4746 1021 4806 conponere
1032 4728 1154 4807 magnit,
