3492 6884
424 1816 427 1826 ,
513 1762 553 1813 42
742 1751 1068 1821 GEORGICON,
1215 1761 1300 1813 r.13.

512 1908 598 1967 Fudit
610 1926 726 1984 equum,
738 1927 844 1986 magno
856 1910 940 1968 tellus
952 1909 1077 1987 percussa
1090 1907 1216 1977 tridenti,

512 2009 662 2086 Neptune!
683 2021 722 2078 et,
735 2011 827 2068 cultor
839 2029 997 2081 nemorum,
1014 2011 1061 2070 cui
1074 2008 1194 2088 pinguia
1207 2010 1275 2067 een

511 2110 700 2185 Tercentum
712 2111 789 2169 nivei
803 2113 922 2170 tondent
934 2113 1048 2170 dumeta
1057 2110 1188 2189 juvenci:

511 2212 583 2289 Ipse,
596 2231 696 2270 nemun
708 2212 840 2289 linquens
850 2212 974 2291 patrium
985 2212 1126 2289 saltusque
1139 2211 1244 2288 Lycaei,

510 2313 578 2383 Pan,
593 2314 691 2371 ovium
704 2314 801 2384 custos,
815 2323 863 2372 tua
878 2315 898 2371 fi
912 2314 965 2372 tibi
979 2314 1103 2371 Maenala
1116 2333 1200 2381 curre,

511 2414 603 2483 Adsn,
621 2436 639 2473 o
650 2416 785 2491 Tegeaee!
805 2415 917 2484 favem3
938 2415 1064 2490 oleaeque
1076 2413 1210 2472 Minerva

510 2515 675 2586 Inventri13
695 2517 819 2591 uncique
831 2534 901 2592 puer
912 2516 1079 2573 monstrator
1091 2515 1192 2586 amtri3

510 2617 550 2674 Et
563 2626 689 2674 teneram
701 2618 737 2673 ah
750 2616 843 2673 radice
856 2616 957 2686 ferens,
971 2616 1093 2685 Silvano,
1106 2615 1278 2692 cupressum:

510 2718 607 2793 Dique
620 2717 736 2792 deeque
747 2734 854 2785 omnes,
869 2717 991 2774 studium
1005 2718 1108 2792 quibus
1120 2736 1185 2775 arva
1198 2715 1288 2786 tueria

510 2818 628 2893 Quique
641 2836 729 2875 novas
741 2816 817 2874 alitis
830 2836 888 2874 non
899 2818 960 2876 ullo
972 2818 1078 2876 semine
1091 2818 1186 2894 fruger
1192 2842 1202 2888 ;

511 2918 629 2993 Quique
642 2918 708 2975 satir
720 2918 830 2994 largum
844 2919 916 2976 ooelo
929 2919 1080 2978 demittitis
1091 2920 1223 2977 imbrem.

509 3022 613 3095 'Ihrque
625 3021 705 3089 adeo,
718 3039 804 3095 quem
813 3039 882 3077 mox
895 3039 959 3095 quae
972 3020 1026 3078 srnt
1038 3020 1169 3079 habitura
1182 3021 1302 3078 deorum

509 3121 650 3189 concilia,
662 3121 803 3179 incertum
816 3122 869 3178 esi:
892 3120 1006 3179 urbisne
1018 3121 1148 3189 invisere,
1161 3121 1263 3189 Caesar,

508 3224 717 3297 Terrarumque
729 3222 800 3279 velis
814 3241 920 3291 curam,
933 3231 963 3280 et
976 3233 1004 3279 te
1018 3240 1167 3280 maxumus
1179 3222 1256 3280 orbis

509 3323 673 3393 humorem,
687 3322 805 3399 frugum
817 3324 1070 3400 tempestatumque
1081 3333 1238 3401 potentem,

508 3423 653 3501 Adcipiat,
667 3424 784 3501 cingens
797 3424 925 3482 materni
937 3434 1064 3501 tempora
1076 3434 1171 3502 myrto
1175 3450 1185 3496 3

509 3528 557 3585 An
571 3528 640 3585 deus
652 3526 782 3584 immensi
796 3526 892 3584 venias
905 3527 999 3594 maris,
1016 3546 1049 3584 ac
1062 3536 1111 3584 tua
1124 3537 1218 3584 naute

508 3628 639 3687 Numina
652 3627 708 3686 sola
720 3629 823 3696 colant,
836 3628 890 3685 tibi
904 3627 1005 3685 serviat
1017 3628 1120 3687 ultima
1131 3627 1236 3695 Thule,

508 3731 609 3806 Teque
622 3730 674 3787 sthi
686 3748 824 3806 generum
835 3729 945 3805 Tethys
956 3740 1032 3787 emat
1044 3728 1177 3786 omuibus
1189 3726 1288 3801 undir3

509 3834 597 3889 Anne
609 3849 715 3888 novum
728 3830 815 3887 tardis
828 3830 901 3887 fidus
914 3840 942 3887 te
955 3831 1096 3888 menfibun
1108 3830 1202 3898 addan,

510 3933 579 3990 Qua
587 3931 668 3988 iocus
681 3930 824 4006 Erigonen
837 3931 913 3987 inter
924 3931 1083 4007 Chelasque
1096 3931 1237 4007 sequentia

509 4032 659 4091 Panditur:
681 4031 740 4108 ipse
753 4031 808 4089 tibi
817 4031 878 4108 jam
891 4032 1005 4090 brachia
1018 4033 1161 4090 contrahit
1173 4033 1273 4089 ardens

509 4133 646 4209 Scorpion,
666 4143 694 4189 et
707 4133 772 4190 coeli
780 4132 853 4209 justa
866 4134 929 4209 plus
941 4144 1020 4211 parte
1033 4134 1164 4209 reliquit:

510 4234 661 4309 Quidquid
673 4233 742 4304 eris3
763 4251 830 4291 nam
843 4246 871 4292 te
881 4254 935 4292 nec
947 4236 1058 4312 sperent
1064 4236 1183 4294 Tartara
1193 4254 1300 4313 regem,

509 4337 573 4395 Nec
587 4336 639 4393 tibi
654 4336 791 4411 regnandi
803 4337 899 4396 veniat
912 4348 971 4396 tam
983 4339 1044 4395 dira
1057 4338 1177 4415 cupid03

510 4438 665 4514 (Quamvis
678 4437 783 4513 Elysroe
796 4439 915 4496 miretur
925 4439 1035 4497 Graecia
1047 4457 1170 4515 campos,

508 4541 572 4599 Nec
585 4539 704 4616 repetita
717 4539 796 4614 sequi
808 4550 888 4596 curet
901 4540 1062 4617 Proserpina
1075 4540 1209 4613 matrem)

509 4643 555 4702 Da
565 4642 678 4702 facilem
688 4641 807 4712 cursum,
816 4650 902 4718 atque
914 4641 1065 4701 audacibus
1076 4641 1169 4701 adnue
1181 4639 1301 4718 carptim
