3492 6884
472 1781 582 1849 emo.
631 1754 640 1776 ⁹
781 1779 882 1838 mn.
923 1777 976 1838 111.
1200 1777 1270 1837 'om

470 1931 564 1990 Addit
576 1953 674 2011 equos,
693 1934 830 2012 additque
843 1936 943 1994 duces:

470 2035 638 2113 Remigium
651 2037 778 2115 supplete
800 2037 890 2096 socios
904 2038 984 2095 simul
998 2035 1112 2094 instruit
1125 2035 1220 2101 annia

511 2139 623 2197 Interea
635 2139 750 2198 classem
762 2141 833 2198 velis
850 2149 948 2217 aptare
956 2138 1076 2216 jubebat

471 2240 622 2309 Anchises,
642 2242 724 2301 fieret
736 2253 823 2301 vento
834 2261 913 2300 mora
927 2260 1033 2318 nequa
1047 2240 1165 2312 serenti,

472 2342 571 2401 Quem
585 2343 685 2407 Phoebi
700 2344 839 2421 interpres
852 2345 946 2402 multo
959 2343 1102 2421 ooupellat
1114 2343 1236 2402 honore:

472 2445 625 2524 conjugio,
646 2446 784 2515 Anchisa,
797 2446 918 2504 Veneris
931 2446 1050 2522 dignate
1063 2444 1193 2523 superbo,

472 2548 549 2607 Cura
563 2549 660 2618 deilm,
679 2549 724 2608 bis
737 2549 899 2627 Pergameis
910 2558 1009 2627 erepte
1021 2547 1122 2615 ruinis,

471 2650 560 2708 Ecce!
582 2649 637 2709 tibi
650 2651 787 2709 Ausoniae
801 2652 899 2726 tellum
922 2651 997 2709 hanc
1010 2650 1109 2729 adripe
1122 2650 1207 2708 velis:

472 2753 510 2811 Et
523 2761 621 2812 tamen
635 2752 710 2812 banc
722 2754 825 2832 pelago
838 2749 1036 2831 praeterlabare
1048 2752 1157 2812 necesse
1170 2754 1223 2811 est:

473 2855 611 2913 Ausoniae
623 2875 686 2934 para
699 2857 749 2915 illa
762 2856 870 2933 procul,
892 2875 980 2932 quam
992 2856 1094 2933 pandit
1106 2856 1223 2932 Apollo.

472 2958 564 3026 Vade,
583 2958 635 3026 ait,
655 2978 673 3015 o
686 2959 757 3017 felix
771 2959 832 3016 uati
845 2959 966 3036 pietate!
989 2957 1060 3034 quid
1073 2958 1148 3015 ultra

474 3060 625 3129 Provehor,
644 3070 674 3118 et
687 3061 775 3119 fando
786 3060 928 3138 surgentia
941 3062 1072 3119 demumr
1085 3061 1207 3119 austros?

473 3161 539 3220 Nec
550 3162 647 3221 minus
660 3163 872 3231 Andromache,
886 3162 1008 3240 digressu
1021 3163 1118 3221 moesla
1131 3163 1273 3240 supremo,

365 3313 367 3317 .
474 3264 549 3334 Fert,
569 3266 722 3343 pidturatas
735 3265 797 3324 auri
810 3265 981 3333 subtemine,
1000 3265 1092 3334 vellis,

474 3367 511 3426 Et
525 3367 679 3445 Phrygiam
693 3367 818 3427 Ascanio
835 3367 1031 3444 chlamydem,
1054 3386 1108 3425 nec
1126 3368 1204 3426 cedit
1220 3367 1273 3427 ho·

552 3489 630 3539 nore,

473 3572 695 3650 Textilibusque
707 3582 806 3632 onerat
820 3572 912 3643 donis,
933 3592 967 3631 ac
980 3573 1048 3631 talia
1062 3574 1154 3632 satur:

473 3676 587 3754 Adcipe
606 3686 636 3734 et
656 3676 728 3746 haec,
759 3694 900 3734 manuum
921 3676 975 3733 tibi
998 3695 1062 3753 quae
1086 3682 1274 3737 monumenta
1330 3685 1333 3693 '

550 3797 679 3837 mmmm
979 3779 983 3786 '

473 3880 546 3952 Sint,
556 3901 627 3958 puer
633 3906 642 3952 ;
655 3892 685 3939 et
696 3881 817 3958 longum
825 3881 1036 3940 Andromachae
1047 3881 1184 3941 testentur
1194 3900 1274 3941 amo·

551 4002 622 4052 rem,

472 4085 613 4164 Conjugis
625 4087 784 4145 Hectorea.
824 4087 904 4164 Cape
918 4087 992 4145 dona
1004 4096 1132 4145 extrema
1146 4097 1272 4161 tuorum,

473 4188 502 4248 O
516 4189 589 4247 mihi
603 4188 660 4248 sola
673 4189 732 4246 mei
745 4189 828 4266 super
841 4190 1020 4265 Astyanaffis
1031 4189 1142 4267 imago!

474 4292 521 4351 Sic
533 4293 640 4363 oculos,
661 4292 699 4351 sic
712 4292 762 4351 ille
775 4311 885 4362 mnus,
906 4294 944 4351 src
957 4312 1015 4362 ora,
1036 4294 1160 4354 ferebat:

463 4395 512 4455 .Et
524 4413 603 4453 nunc
615 4395 719 4471 aequali
732 4405 827 4453 tecum
840 4396 1007 4473 pubesceret
1018 4416 1089 4455 aevo.

513 4498 575 4556 Hos
587 4516 642 4574 ego
654 4497 817 4576 digrediens
829 4498 954 4556 lacrimis
967 4499 1085 4558 adfabar
1097 4500 1222 4559 obortis=

471 4599 572 4658 Viuite
584 4600 690 4668 selices,
711 4600 815 4678 quibus
828 4602 868 4658 est
882 4601 1005 4659 Fortuna
1017 4602 1130 4680 peradia

471 4703 539 4784 Jam
551 4701 614 4762 suar
636 4702 754 4770 nonalia
766 4722 804 4762 ex
817 4703 880 4761 aliis
893 4702 924 4763 in
936 4704 996 4763 sata
1010 4723 1160 4764 vocamur:
