3492 6884
536 1728 574 1784 lb
775 1723 1076 1795 BUCOLICA,
1239 1727 1331 1782 ms.

534 1878 604 1936 Non
617 1876 669 1936 ulli
682 1878 771 1955 pastos
783 1879 841 1937 illis
853 1898 937 1956 egere
949 1879 1048 1937 diebus

533 1978 658 2056 Frigida,
675 1980 804 2057 Daphni,
823 1984 908 2039 boves
921 1983 957 2039 ad
975 1980 1112 2039 flumina:
1140 1977 1220 2036 nulla
1233 1995 1327 2054 neque

613 2099 728 2139 amnem

533 2178 650 2240 Libavit
662 2184 830 2261 quadrupes,
848 2203 902 2242 nec
915 2182 1053 2260 graminis
1065 2179 1171 2256 adtigit
1184 2179 1315 2238 herbam.

533 2283 660 2361 Daphni,
681 2295 764 2343 tuum
777 2287 877 2343 Poenos
890 2286 979 2342 etiarn
992 2281 1270 2360 ingemuisseleones

532 2385 687 2444 Interitum
700 2397 867 2463 montesque
880 2386 934 2444 seri
947 2387 1078 2461 silvaeque
1090 2384 1257 2458 loquuntur.

533 2486 666 2563 Daphnis
678 2496 709 2544 et
719 2488 871 2546 Armenias
884 2506 967 2545 cunu
980 2484 1148 2561 subjungere
1161 2483 1242 2560 tigris

533 2587 661 2645 Instituit
666 2613 675 2660 3
696 2588 827 2665 Daphnis
840 2588 945 2646 thiasos
954 2587 1089 2645 inducere
1104 2584 1222 2653 Baccho,

533 2688 572 2745 Et
584 2687 661 2745 soliis
674 2688 764 2745 lentas
776 2688 906 2746 intexere
918 2688 1052 2746 mollibus
1064 2686 1164 2745 hastas.

533 2787 609 2846 Vitis
623 2797 655 2845 ut
668 2788 813 2846 arboribus
826 2788 921 2847 decori
931 2788 979 2858 est,
999 2797 1033 2845 ut
1045 2787 1151 2845 vitibus
1164 2805 1236 2854 uvae,

532 2888 578 2947 Ut
591 2888 724 2965 gregibus
737 2889 820 2958 tauri,
841 2889 947 2965 segetes
960 2898 994 2946 ut
1006 2888 1162 2965 pinguibus
1179 2887 1266 2958 arvis;

532 2990 580 3047 Tu
593 2990 678 3047 decus
691 3008 776 3047 omne
787 2989 855 3047 tuis:
877 2990 1024 3065 postquam
1038 2999 1066 3045 te
1078 2989 1137 3045 sata
1152 2988 1289 3055 tulerunt,

532 3090 596 3167 Ipsa
609 3091 687 3148 Pales
700 3109 790 3168 agros,
810 3100 896 3165 atque
908 3088 966 3166 ipse
979 3088 1097 3165 reliquit
1109 3090 1225 3165 Apollo.

533 3191 660 3249 Grandia
674 3191 747 3267 saepe
760 3191 863 3267 quibus
875 3188 1073 3248 mandavimus
1086 3189 1191 3248 hordea
1204 3189 1298 3257 sulcis,

532 3291 640 3350 Infelix
651 3291 753 3349 lolium
766 3302 796 3350 et
809 3292 912 3349 steriles
925 3290 1079 3349 nascuntur
1091 3310 1197 3349 avenae.

532 3395 586 3453 Pro
599 3393 680 3451 molli
692 3393 776 3463 violi,
794 3412 846 3470 pro
859 3412 1001 3470 purpureo
1014 3392 1141 3461 narcisso,

532 3497 671 3568 carduus,
691 3505 720 3554 et
733 3495 819 3573 spinis
833 3495 923 3572 surgit
933 3494 1059 3571 paliurus
1072 3494 1172 3554 acutis.

532 3597 661 3674 Spargite
673 3598 793 3655 humum
807 3596 894 3666 foliis,
914 3596 1043 3653 inducite
1055 3595 1183 3653 sontibus
1195 3597 1319 3664 umbras,

533 3700 669 3759 Pastores:
693 3700 808 3757 mandat
823 3698 887 3755 heri
900 3697 951 3754 fibi
963 3697 1029 3755 talia
1040 3697 1180 3775 Daphnis.

532 3801 571 3857 Et
584 3801 728 3857 tumulum
738 3798 833 3863 facite,
844 3806 872 3854 et
886 3797 996 3855 tumulo
1007 3797 1184 3874 superaddite
1195 3819 1327 3859 carmen:

532 3902 664 3978 Daphnis
675 3919 730 3977 ego
742 3900 773 3955 in
786 3898 870 3968 silvis,
889 3897 958 3956 hinc
971 3900 1059 3976 usque
1073 3903 1109 3959 ad
1121 3902 1209 3961 sidera
1222 3914 1314 3974 notus,

533 4001 657 4061 Formosr
669 3998 778 4077 pecoris
791 3999 890 4071 custos,
911 4000 1059 4060 formosior
1070 4001 1139 4079 ipse.

843 4120 1016 4160 MBNALCAS.

530 4205 605 4263 Tale
617 4212 701 4262 tuum
713 4222 826 4261 carmen
840 4204 930 4272 nobis,
949 4203 1047 4261 divine
1058 4206 1154 4281 posta,

533 4306 629 4364 Quale
642 4304 723 4382 sopor
735 4305 808 4362 sellis
820 4304 851 4362 in
865 4304 1002 4381 gramine,
1026 4307 1110 4381 quale
1127 4327 1177 4384 per
1189 4309 1287 4369 aestum

531 4406 633 4466 Dulcis
644 4426 725 4483 aquae
738 4406 856 4464 saliente
869 4405 944 4465 fitim
957 4406 1127 4483 restinguere
1140 4410 1214 4468 rivo:

533 4510 597 4569 Nee
610 4508 823 4570 calamissolum
831 4508 995 4587 aequiparas,
1005 4508 1054 4568 sed
1064 4528 1142 4581 voce,
1149 4512 1325 4590 magistrum.
