3492 6884
378 1834 381 1840 .
472 1790 563 1842 Μαι
732 1746 1038 1839 ucnoca'rv.
1235 1785 1271 1836 rr

476 1935 590 2007 Ubera5
611 1949 664 1993 nec
675 1953 794 2013 magnos
806 1945 936 1994 metuent
947 1940 1075 1993 armenta
1086 1932 1191 1991 leones.

358 2050 359 2053 ’
475 2036 539 2112 Ipsa
552 2035 606 2095 tibi
619 2037 736 2095 blandos
748 2038 870 2095 fundent
883 2037 1024 2094 cunabula
1035 2036 1129 2093 flores.

476 2138 598 2196 Occidet
610 2148 640 2196 et
651 2138 773 2215 serpens,
792 2149 822 2197 et
835 2139 923 2197 fallax
935 2139 1023 2196 herba
1033 2137 1137 2196 veneni

474 2238 596 2298 Occidet
602 2265 612 2311 5
633 2217 779 2316 Assyrium
790 2240 876 2316 vulgo
888 2238 1017 2297 nascetur
1028 2257 1185 2298 amomum.

473 2345 525 2411 At,
546 2340 628 2398 simul
641 2341 763 2399 heroum
775 2342 872 2400 lauder
884 2351 915 2398 et
927 2341 1003 2398 fasta
1015 2340 1141 2417 parentis

473 2443 541 2521 Jam
555 2444 659 2520 legere,
678 2454 708 2501 et
720 2463 785 2520 quae
798 2444 833 2500 sit'
844 2443 951 2527 poteris
962 2442 1131 2519 cognoscere
1143 2441 1231 2501 virtus
1238 2465 1249 2514 5

473 2545 560 2603 Molli
572 2546 722 2622 paullatim
735 2544 865 2603 flavescet
878 2564 994 2622 campus
1003 2545 1095 2615 aristi,

475 2646 652 2722 incultisque
666 2649 769 2704 rubens
781 2647 918 2723 pendebit
931 2647 1057 2705 sentibus
1069 2666 1125 2704 uva
1132 2670 1142 2719 5

475 2750 513 2806 Et
525 2749 603 2806 durae
614 2767 734 2825 quercus
745 2749 887 2830 sudabunt
899 2748 1006 2806 roscida
1018 2748 1115 2806 mella.

475 2852 566 2908 Pauca
579 2860 675 2908 tamen
687 2851 822 2909 suberunt
834 2850 932 2927 priscoe
944 2851 1060 2927 vestigia
1072 2850 1188 2919 fraudis,

478 2953 553 3010 Quae
565 2961 673 3010 tentare
683 2953 803 3011 Thetim
813 2953 929 3023 ratibus,
949 2972 1013 3028 quae
1025 2953 1140 3030 cingere
1150 2952 1239 3011 muris

477 3054 598 3131 Oppida,
618 3073 683 3130 quae
690 3054 810 3132 jubeant
823 3055 954 3113 tellurem
966 3054 1106 3113 infindere
1118 3054 1212 3112 sulcis.

476 3157 559 3213 Alter
570 3156 625 3215 erit
636 3166 700 3215 turn
711 3155 830 3234 Tiphys,
849 3166 880 3215 et
892 3157 978 3215 altera
990 3176 1056 3232 quae
1069 3157 1156 3216 vehat
1169 3158 1249 3233 Argo

478 3258 610 3315 Deledtos
622 3257 734 3329 hemas3
754 3267 838 3316 erunt
851 3258 939 3317 etiam
949 3259 1035 3317 altera
1049 3259 1139 3331 belia3

476 3362 575 3434 Atque
587 3359 693 3416 iterum
702 3361 738 3417 ad
745 3358 861 3435 uojam
868 3377 988 3436 magnus
995 3360 1125 3419 mittetur
1131 3360 1271 3419 Achilles.

476 3461 566 3529 Hinc,
584 3460 636 3518 ubi
644 3459 705 3536 jam
717 3460 826 3516 sinuata
838 3460 932 3517 virum
944 3471 973 3516 te
984 3461 1086 3517 fecerit
1093 3472 1170 3529 aetas,

477 3564 569 3621 Cedet
582 3559 682 3638 etipse
695 3560 768 3618 mari
782 3559 893 3631 νεᾶοι5
914 3579 967 3616 nec
979 3561 1091 3618 nautica
1104 3561 1189 3637 pinus

477 3664 606 3723 Mutabit
617 3681 738 3720 merces:
761 3660 853 3719 omnis
866 3660 940 3717 feret
951 3660 1048 3718 omnia
1061 3662 1154 3719 tellus.

476 3766 508 3823 N
509 3784 547 3823 on
559 3764 657 3824 rastros
669 3763 793 3841 patietur
802 3762 917 3832 humus,
937 3779 999 3821 non
1011 3762 1094 3820 vinea
1104 3763 1207 3821 falcem
1216 3790 1226 3836 5

387 3884 391 3891 “
476 3868 615 3927 Robustus
628 3885 741 3944 quoque
750 3865 811 3942 jam
824 3864 912 3924 tauris
920 3863 991 3941 juga
1003 3864 1093 3924 solvet
1105 3875 1212 3924 arator:

477 3970 542 4029 Nec
554 3970 645 4028 varios
657 3969 746 4026 discet
758 3966 874 4025 martiri
885 3966 950 4025 lana
960 3967 1084 4039 colorer5

476 4071 541 4148 Ipse
553 4071 601 4128 sed
613 4071 644 4128 in
657 4069 743 4146 pratis
754 4068 824 4130 aries
832 4067 893 4145 jam
906 4068 990 4127 suave
1002 4069 1116 4127 rubenti

478 4172 602 4241 Murice,
618 4170 680 4247 jam
688 4185 787 4228 croceo
800 4171 924 4228 mutabit
936 4170 1040 4229 vellera
1050 4172 1112 4229 luto
1119 4197 1129 4244 5

476 4276 582 4352 Sponte
595 4274 644 4331 sua
657 4273 764 4350 sandyx
774 4271 912 4349 pascentis
925 4272 1023 4330 vestiet
1033 4291 1130 4349 agnos.

475 4377 559 4435 Talia
572 4376 662 4443 saecla,
681 4374 738 4432 suis
750 4374 892 4441 dixemnt,
911 4373 1024 4442 currite,
1044 4374 1112 4432 susis
1160 4425 1162 4429 .

474 4476 638 4537 Concordes
648 4475 740 4535 stabili
752 4475 878 4533 satorum
889 4475 1009 4533 numine
1020 4477 1122 4533 Parere.

515 4580 679 4657 Adgredere
689 4596 840 4655 omagnon
850 4576 940 4635 aderit
947 4575 1009 4655 jam
1016 4578 1272 4656 ternpusbonores,

478 4682 551 4743 Cara
561 4681 776 4750 detmsuboles,
795 4697 934 4757 magnum
944 4679 1023 4759 Jovis
1036 4679 1256 4741 increnentnmt
