<?xml version="1.0" encoding="UTF-8"?>
<!DOCTYPE html PUBLIC "-//W3C//DTD XHTML 1.0 Transitional//EN"
    "http://www.w3.org/TR/xhtml1/DTD/xhtml1-transitional.dtd">
<html xmlns="http://www.w3.org/1999/xhtml" xml:lang="en" lang="en">
 <head>
  <title>
</title>
<meta http-equiv="Content-Type" content="text/html;charset=utf-8" />
  <meta name='ocr-system' content='tesseract 3.04.00' />
  <meta name='ocr-capabilities' content='ocr_page ocr_carea ocr_par ocr_line ocrx_word'/>
</head>
<body>
  <div class='ocr_page' id='page_1' title='image "./pvirgiliimaroni00wakegoog/pvirgiliimaroni00wakegoog_0315.png"; bbox 0 0 3492 6884; ppageno 0'>
   <div class='ocr_carea' id='block_1_1' title="bbox 768 1651 976 1744">
    <p class='ocr_par' dir='ltr' id='par_1_1' title="bbox 768 1651 976 1744">
     <span class='ocr_line' id='line_1_1' title="bbox 768 1651 976 1744; baseline 0 -40"><span class='ocrx_word' id='word_1_1' title='bbox 768 1651 976 1744; x_wconf 57' lang='lat' dir='ltr'>{lOTULAE-</span> 
     </span>
    </p>
   </div>
   <div class='ocr_carea' id='block_1_2' title="bbox 470 1795 1273 1861">
    <p class='ocr_par' dir='ltr' id='par_1_2' title="bbox 470 1795 1273 1861">
     <span class='ocr_line' id='line_1_2' title="bbox 470 1795 1273 1861; baseline -0.002 -14"><span class='ocrx_word' id='word_1_2' title='bbox 470 1795 569 1847; x_wconf 74' lang='lat' dir='ltr'>&#39;molli’</span> <span class='ocrx_word' id='word_1_3' title='bbox 586 1797 636 1847; x_wconf 80' lang='lat' dir='ltr'>satis</span> <span class='ocrx_word' id='word_1_4' title='bbox 651 1797 756 1861; x_wconf 80' lang='lat' dir='ltr'>exprimit</span> <span class='ocrx_word' id='word_1_5' title='bbox 773 1814 817 1845; x_wconf 85' lang='lat' dir='ltr'>voa</span> <span class='ocrx_word' id='word_1_6' title='bbox 835 1803 843 1826; x_wconf 84' lang='lat'>‘</span> <span class='ocrx_word' id='word_1_7' title='bbox 852 1798 965 1856; x_wconf 56' lang='lat' dir='ltr'>innoxias</span> <span class='ocrx_word' id='word_1_8' title='bbox 989 1808 1013 1845; x_wconf 91' lang='lat' dir='ltr'>et</span> <span class='ocrx_word' id='word_1_9' title='bbox 1028 1796 1135 1845; x_wconf 86' lang='lat' dir='ltr'>‘molles&#39;</span> <span class='ocrx_word' id='word_1_10' title='bbox 1153 1796 1230 1846; x_wconf 83' lang='lat' dir='ltr'>firmat</span> <span class='ocrx_word' id='word_1_11' title='bbox 1245 1815 1273 1846; x_wconf 80' lang='lat' dir='ltr'>ss</span> 
     </span>
    </p>
   </div>
   <div class='ocr_carea' id='block_1_3' title="bbox 368 1884 1274 1949">
    <p class='ocr_par' dir='ltr' id='par_1_3' title="bbox 368 1884 1274 1949">
     <span class='ocr_line' id='line_1_3' title="bbox 368 1884 1274 1949; baseline 0.002 -16"><span class='ocrx_word' id='word_1_12' title='bbox 368 1933 371 1938; x_wconf 78' lang='grc'>,</span> <span class='ocrx_word' id='word_1_13' title='bbox 472 1886 718 1949; x_wconf 65' lang='lat' dir='ltr'>‘mospillos&#39;in</span> <span class='ocrx_word' id='word_1_14' title='bbox 730 1887 811 1934; x_wconf 89' lang='lat' dir='ltr'>Sidonii</span> <span class='ocrx_word' id='word_1_15' title='bbox 822 1887 953 1934; x_wconf 82' lang='lat' dir='ltr'>imitatione.</span> <span class='ocrx_word' id='word_1_16' title='bbox 983 1884 1274 1944; x_wconf 78' lang='lat' dir='ltr'>Et‚clmdicie‘m011es,’</span> 
     </span>
    </p>
   </div>
   <div class='ocr_carea' id='block_1_4' title="bbox 471 1973 1288 4595">
    <p class='ocr_par' dir='ltr' id='par_1_4' title="bbox 474 1973 1275 2210">
     <span class='ocr_line' id='line_1_4' title="bbox 474 1973 1274 2039; baseline 0.003 -18"><span class='ocrx_word' id='word_1_17' title='bbox 474 1975 533 2021; x_wconf 88' lang='lat' dir='ltr'>ldem</span> <span class='ocrx_word' id='word_1_18' title='bbox 546 1975 577 2021; x_wconf 82' lang='lat' dir='ltr'>eli</span> <span class='ocrx_word' id='word_1_19' title='bbox 591 1989 617 2021; x_wconf 88' lang='lat' dir='ltr'>ac</span> <span class='ocrx_word' id='word_1_20' title='bbox 632 1973 649 2019; x_wconf 88' lang='lat' dir='ltr'>li</span> <span class='ocrx_word' id='word_1_21' title='bbox 662 1974 750 2032; x_wconf 77' lang='lat' dir='ltr'>dixerit,</span> <span class='ocrx_word' id='word_1_22' title='bbox 765 1975 896 2022; x_wconf 77' lang='lat' dir='ltr'>“Flamma</span> <span class='ocrx_word' id='word_1_23' title='bbox 911 1975 991 2023; x_wconf 80' lang='lat' dir='ltr'>lambit</span> <span class='ocrx_word' id='word_1_24' title='bbox 1006 1987 1073 2037; x_wconf 72' lang='lat' dir='ltr'>capiat</span> <span class='ocrx_word' id='word_1_25' title='bbox 1084 1990 1111 2022; x_wconf 84' lang='lat' dir='ltr'>ex</span> <span class='ocrx_word' id='word_1_26' title='bbox 1125 1977 1188 2023; x_wconf 88' lang='lat' dir='ltr'>omni</span> <span class='ocrx_word' id='word_1_27' title='bbox 1205 1986 1274 2039; x_wconf 82' lang='lat' dir='ltr'>parte,</span> 
     </span>
     <span class='ocr_line' id='line_1_5' title="bbox 474 2058 1275 2127; baseline 0.002 -20"><span class='ocrx_word' id='word_1_28' title='bbox 474 2066 493 2096; x_wconf 79' lang='lat'>“</span> <span class='ocrx_word' id='word_1_29' title='bbox 503 2058 634 2124; x_wconf 68' lang='lat' dir='ltr'>quicunque</span> <span class='ocrx_word' id='word_1_30' title='bbox 643 2061 778 2109; x_wconf 85' lang='lat' dir='ltr'>diffundatur</span> <span class='ocrx_word' id='word_1_31' title='bbox 788 2072 913 2110; x_wconf 87' lang='lat' dir='ltr'>tenerorum</span> <span class='ocrx_word' id='word_1_32' title='bbox 924 2062 1008 2110; x_wconf 80' lang='lat' dir='ltr'>flexura</span> <span class='ocrx_word' id='word_1_33' title='bbox 1016 2063 1171 2127; x_wconf 81' lang='lat' dir='ltr'>capillorum.”</span> <span class='ocrx_word' id='word_1_34' title='bbox 1191 2061 1275 2111; x_wconf 76' lang='lat' dir='ltr'>Confer</span> 
     </span>
     <span class='ocr_line' id='line_1_6' title="bbox 475 2149 806 2210; baseline 0.006 -13"><span class='ocrx_word' id='word_1_35' title='bbox 475 2150 547 2197; x_wconf 80' lang='lat' dir='ltr'>ovid.</span> <span class='ocrx_word' id='word_1_36' title='bbox 558 2165 585 2197; x_wconf 77' lang='lat' dir='ltr'>ex</span> <span class='ocrx_word' id='word_1_37' title='bbox 598 2150 664 2196; x_wconf 79' lang='lat' dir='ltr'>Pout·</span> <span class='ocrx_word' id='word_1_38' title='bbox 676 2149 709 2197; x_wconf 93' lang='lat' dir='ltr'>iii.</span> <span class='ocrx_word' id='word_1_39' title='bbox 727 2163 750 2210; x_wconf 78' lang='grc'>3.</span> <span class='ocrx_word' id='word_1_40' title='bbox 768 2164 806 2207; x_wconf 73' lang='grc'>17.</span> 
     </span>
    </p>

    <p class='ocr_par' dir='ltr' id='par_1_5' title="bbox 471 2236 1279 2478">
     <span class='ocr_line' id='line_1_7' title="bbox 471 2236 1277 2301; baseline 0.001 -15"><span class='ocrx_word' id='word_1_41' title='bbox 471 2279 475 2286; x_wconf 93' lang='grc'><strong>.</strong></span> <span class='ocrx_word' id='word_1_42' title='bbox 509 2240 563 2286; x_wconf 86' lang='lat' dir='ltr'>Ver.</span> <span class='ocrx_word' id='word_1_43' title='bbox 575 2236 630 2297; x_wconf 84' lang='grc'><strong>697.</strong></span> <span class='ocrx_word' id='word_1_44' title='bbox 654 2237 759 2285; x_wconf 74' lang='lat' dir='ltr'>Literulae</span> <span class='ocrx_word' id='word_1_45' title='bbox 773 2239 929 2297; x_wconf 76' lang='lat' dir='ltr'>mutationem,</span> <span class='ocrx_word' id='word_1_46' title='bbox 949 2255 1027 2301; x_wconf 86' lang='lat' dir='ltr'>quam,</span> <span class='ocrx_word' id='word_1_47' title='bbox 1045 2239 1179 2287; x_wconf 80' lang='lat' dir='ltr'>variantibus</span> <span class='ocrx_word' id='word_1_48' title='bbox 1195 2236 1277 2287; x_wconf 70' lang='lat' dir='ltr'>intorti</span> 
     </span>
     <span class='ocr_line' id='line_1_8' title="bbox 476 2325 1279 2390; baseline 0.001 -16"><span class='ocrx_word' id='word_1_49' title='bbox 476 2327 548 2382; x_wconf 78' lang='lat' dir='ltr'>libris,</span> <span class='ocrx_word' id='word_1_50' title='bbox 564 2341 591 2374; x_wconf 79' lang='lat' dir='ltr'>ex</span> <span class='ocrx_word' id='word_1_51' title='bbox 602 2325 690 2385; x_wconf 75' lang='lat' dir='ltr'>iugenio</span> <span class='ocrx_word' id='word_1_52' title='bbox 699 2325 749 2372; x_wconf 81' lang='lat' dir='ltr'>dare</span> <span class='ocrx_word' id='word_1_53' title='bbox 762 2327 872 2383; x_wconf 86' lang='lat' dir='ltr'>volebam,</span> <span class='ocrx_word' id='word_1_54' title='bbox 889 2325 982 2374; x_wconf 85' lang='lat' dir='ltr'>omnind</span> <span class='ocrx_word' id='word_1_55' title='bbox 991 2328 1085 2390; x_wconf 77' lang='lat' dir='ltr'>postulat</span> <span class='ocrx_word' id='word_1_56' title='bbox 1094 2328 1191 2376; x_wconf 71' lang='lat' dir='ltr'>aridioris</span> <span class='ocrx_word' id='word_1_57' title='bbox 1201 2343 1279 2375; x_wconf 84' lang='lat' dir='ltr'>mens:</span> 
     </span>
     <span class='ocr_line' id='line_1_9' title="bbox 476 2413 1174 2478; baseline 0 -17"><span class='ocrx_word' id='word_1_58' title='bbox 476 2413 582 2462; x_wconf 83' lang='lat' dir='ltr'>intentiirs</span> <span class='ocrx_word' id='word_1_59' title='bbox 592 2414 706 2477; x_wconf 78' lang='lat' dir='ltr'>inspiciens</span> <span class='ocrx_word' id='word_1_60' title='bbox 713 2413 784 2461; x_wconf 74' lang='lat' dir='ltr'>leelor</span> <span class='ocrx_word' id='word_1_61' title='bbox 794 2429 839 2461; x_wconf 90' lang='lat' dir='ltr'>non</span> <span class='ocrx_word' id='word_1_62' title='bbox 848 2414 932 2476; x_wconf 84' lang='lat' dir='ltr'>spernet</span> <span class='ocrx_word' id='word_1_63' title='bbox 942 2415 1028 2462; x_wconf 82' lang='lat' dir='ltr'>‘dum&#39;</span> <span class='ocrx_word' id='word_1_64' title='bbox 1039 2430 1079 2478; x_wconf 84' lang='lat' dir='ltr'>pro</span> <span class='ocrx_word' id='word_1_65' title='bbox 1088 2419 1097 2447; x_wconf 53' lang='grc' dir='ltr'>ί</span> <span class='ocrx_word' id='word_1_66' title='bbox 1105 2415 1174 2461; x_wconf 66' lang='lat' dir='ltr'>tum)</span> 
     </span>
    </p>

    <p class='ocr_par' dir='ltr' id='par_1_6' title="bbox 477 2502 1280 2829">
     <span class='ocr_line' id='line_1_10' title="bbox 509 2502 1279 2565; baseline -0.001 -14"><span class='ocrx_word' id='word_1_67' title='bbox 509 2505 563 2551; x_wconf 85' lang='lat' dir='ltr'>Ver.</span> <span class='ocrx_word' id='word_1_68' title='bbox 573 2515 629 2565; x_wconf 84' lang='lat'><strong>794.</strong></span> <span class='ocrx_word' id='word_1_69' title='bbox 651 2504 731 2549; x_wconf 86' lang='lat' dir='ltr'>Movet</span> <span class='ocrx_word' id='word_1_70' title='bbox 742 2517 778 2550; x_wconf 90' lang='lat' dir='ltr'>me</span> <span class='ocrx_word' id='word_1_71' title='bbox 789 2502 927 2559; x_wconf 78' lang='lat' dir='ltr'>Macrobius,</span> <span class='ocrx_word' id='word_1_72' title='bbox 941 2503 1030 2550; x_wconf 77' lang='lat' dir='ltr'>saturn.</span> <span class='ocrx_word' id='word_1_73' title='bbox 1041 2504 1072 2549; x_wconf 77' lang='lat' dir='ltr'>ir.</span> <span class='ocrx_word' id='word_1_74' title='bbox 1088 2514 1112 2563; x_wconf 82' lang='grc' dir='ltr'>ς.</span> <span class='ocrx_word' id='word_1_75' title='bbox 1129 2503 1156 2548; x_wconf 89' lang='lat' dir='ltr'>ad</span> <span class='ocrx_word' id='word_1_76' title='bbox 1166 2503 1222 2550; x_wconf 84' lang='lat' dir='ltr'>hanc</span> <span class='ocrx_word' id='word_1_77' title='bbox 1232 2504 1279 2550; x_wconf 86' lang='lat' dir='ltr'>loc·</span> 
     </span>
     <span class='ocr_line' id='line_1_11' title="bbox 477 2589 1280 2652; baseline -0.001 -14"><span class='ocrx_word' id='word_1_78' title='bbox 477 2591 563 2638; x_wconf 88' lang='lat' dir='ltr'>tionem</span> <span class='ocrx_word' id='word_1_79' title='bbox 573 2589 726 2652; x_wconf 80' lang='lat' dir='ltr'>adoptandam,</span> <span class='ocrx_word' id='word_1_80' title='bbox 741 2601 765 2638; x_wconf 86' lang='lat' dir='ltr'>et</span> <span class='ocrx_word' id='word_1_81' title='bbox 774 2591 891 2649; x_wconf 73' lang='lat' dir='ltr'>Manilius,</span> <span class='ocrx_word' id='word_1_82' title='bbox 907 2592 924 2637; x_wconf 90' lang='lat' dir='ltr'>i.</span> <span class='ocrx_word' id='word_1_83' title='bbox 935 2589 990 2637; x_wconf 78' lang='lat'>822.</span> <span class='ocrx_word' id='word_1_84' title='bbox 1007 2590 1045 2652; x_wconf 88' lang='lat' dir='ltr'>qui</span> <span class='ocrx_word' id='word_1_85' title='bbox 1059 2590 1101 2637; x_wconf 88' lang='lat' dir='ltr'>hoc</span> <span class='ocrx_word' id='word_1_86' title='bbox 1115 2589 1280 2637; x_wconf 85' lang='lat' dir='ltr'>hemistichium</span> 
     </span>
     <span class='ocr_line' id='line_1_12' title="bbox 478 2649 1280 2741; baseline -0.002 -16"><span class='ocrx_word' id='word_1_87' title='bbox 478 2679 597 2741; x_wconf 53' lang='lat' dir='ltr'>mmmm</span> <span class='ocrx_word' id='word_1_88' title='bbox 607 2649 679 2725; x_wconf 66' lang='lat' dir='ltr'>uerit?</span> <span class='ocrx_word' id='word_1_89' title='bbox 706 2678 763 2725; x_wconf 69' lang='lat' dir='ltr'>saus</span> <span class='ocrx_word' id='word_1_90' title='bbox 779 2679 856 2725; x_wconf 72' lang='lat' dir='ltr'>nab-n</span> <span class='ocrx_word' id='word_1_91' title='bbox 870 2680 937 2725; x_wconf 68' lang='lat' dir='ltr'>uno</span> <span class='ocrx_word' id='word_1_92' title='bbox 950 2679 1076 2726; x_wconf 67' lang='lat' dir='ltr'>nomm</span> <span class='ocrx_word' id='word_1_93' title='bbox 1090 2678 1173 2725; x_wconf 69' lang='lat' dir='ltr'>imitari</span> <span class='ocrx_word' id='word_1_94' title='bbox 1186 2678 1213 2725; x_wconf 64' lang='lat' dir='ltr'>aa</span> <span class='ocrx_word' id='word_1_95' title='bbox 1222 2678 1280 2726; x_wconf 55' lang='grc' dir='ltr'>Β..</span> 
     </span>
     <span class='ocr_line' id='line_1_13' title="bbox 479 2762 1187 2829; baseline 0.003 -17"><span class='ocrx_word' id='word_1_96' title='bbox 479 2768 511 2814; x_wconf 86' lang='lat' dir='ltr'>ri.</span> <span class='ocrx_word' id='word_1_97' title='bbox 522 2779 579 2826; x_wconf 86' lang='lat'>702.</span> <span class='ocrx_word' id='word_1_98' title='bbox 593 2778 616 2814; x_wconf 90' lang='lat' dir='ltr'>et</span> <span class='ocrx_word' id='word_1_99' title='bbox 626 2781 674 2814; x_wconf 88' lang='lat' dir='ltr'>rem</span> <span class='ocrx_word' id='word_1_100' title='bbox 684 2766 757 2813; x_wconf 88' lang='lat' dir='ltr'>voluit</span> <span class='ocrx_word' id='word_1_101' title='bbox 767 2767 857 2823; x_wconf 86' lang='lat' dir='ltr'>variare,</span> <span class='ocrx_word' id='word_1_102' title='bbox 869 2782 910 2829; x_wconf 82' lang='lat' dir='ltr'>pro</span> <span class='ocrx_word' id='word_1_103' title='bbox 920 2766 983 2827; x_wconf 81' lang='lat' dir='ltr'>periti</span> <span class='ocrx_word' id='word_1_104' title='bbox 994 2765 1084 2814; x_wconf 84' lang='lat' dir='ltr'>artificis</span> <span class='ocrx_word' id='word_1_105' title='bbox 1093 2762 1187 2814; x_wconf 64' lang='lat' dir='ltr'>solertii-</span> 
     </span>
    </p>

    <p class='ocr_par' dir='ltr' id='par_1_7' title="bbox 479 2852 1283 3270">
     <span class='ocr_line' id='line_1_14' title="bbox 511 2852 1281 2918; baseline 0.001 -17"><span class='ocrx_word' id='word_1_106' title='bbox 511 2854 604 2902; x_wconf 76' lang='lat' dir='ltr'>AEneid.</span> <span class='ocrx_word' id='word_1_107' title='bbox 615 2855 650 2901; x_wconf 85' lang='lat' dir='ltr'>iii.</span> <span class='ocrx_word' id='word_1_108' title='bbox 665 2870 711 2901; x_wconf 88' lang='lat' dir='ltr'>ver.</span> <span class='ocrx_word' id='word_1_109' title='bbox 723 2867 762 2914; x_wconf 90' lang='grc' dir='ltr'>7ο.</span> <span class='ocrx_word' id='word_1_110' title='bbox 782 2853 848 2901; x_wconf 79' lang='lat' dir='ltr'>Haud</span> <span class='ocrx_word' id='word_1_111' title='bbox 858 2855 904 2901; x_wconf 84' lang='lat' dir='ltr'>ulla</span> <span class='ocrx_word' id='word_1_112' title='bbox 915 2856 985 2901; x_wconf 86' lang='lat' dir='ltr'>verior</span> <span class='ocrx_word' id='word_1_113' title='bbox 995 2852 1026 2902; x_wconf 77' lang='lat' dir='ltr'>eli</span> <span class='ocrx_word' id='word_1_114' title='bbox 1037 2855 1112 2912; x_wconf 81' lang='lat' dir='ltr'>leelio,</span> <span class='ocrx_word' id='word_1_115' title='bbox 1122 2870 1162 2902; x_wconf 82' lang='lat' dir='ltr'>nec</span> <span class='ocrx_word' id='word_1_116' title='bbox 1171 2870 1221 2918; x_wconf 77' lang='lat' dir='ltr'>quae</span> <span class='ocrx_word' id='word_1_117' title='bbox 1231 2870 1281 2902; x_wconf 87' lang='lat' dir='ltr'>ma·</span> 
     </span>
     <span class='ocr_line' id='line_1_15' title="bbox 479 2942 1282 3007; baseline 0.001 -17"><span class='ocrx_word' id='word_1_118' title='bbox 479 2942 513 3004; x_wconf 73' lang='lat' dir='ltr'>gis</span> <span class='ocrx_word' id='word_1_119' title='bbox 523 2942 670 3002; x_wconf 75' lang='lat' dir='ltr'>indignabitur</span> <span class='ocrx_word' id='word_1_120' title='bbox 680 2942 700 2988; x_wconf 85' lang='lat' dir='ltr'>le</span> <span class='ocrx_word' id='word_1_121' title='bbox 712 2942 735 2988; x_wconf 89' lang='lat' dir='ltr'>in</span> <span class='ocrx_word' id='word_1_122' title='bbox 747 2942 839 2989; x_wconf 90' lang='lat' dir='ltr'>dubium</span> <span class='ocrx_word' id='word_1_123' title='bbox 851 2942 934 2999; x_wconf 87' lang='lat' dir='ltr'>vocari,</span> <span class='ocrx_word' id='word_1_124' title='bbox 950 2958 988 3005; x_wconf 83' lang='lat' dir='ltr'>per</span> <span class='ocrx_word' id='word_1_125' title='bbox 1001 2958 1078 2990; x_wconf 86' lang='lat' dir='ltr'>omnes</span> <span class='ocrx_word' id='word_1_126' title='bbox 1087 2944 1191 2991; x_wconf 89' lang='lat' dir='ltr'>omnium</span> <span class='ocrx_word' id='word_1_127' title='bbox 1205 2943 1282 3007; x_wconf 82' lang='lat' dir='ltr'>poe&#39;ta·</span> 
     </span>
     <span class='ocr_line' id='line_1_16' title="bbox 479 3026 1283 3092; baseline 0.001 -14"><span class='ocrx_word' id='word_1_128' title='bbox 479 3046 533 3079; x_wconf 89' lang='lat' dir='ltr'>rum</span> <span class='ocrx_word' id='word_1_129' title='bbox 549 3030 624 3088; x_wconf 86' lang='lat' dir='ltr'>libros,</span> <span class='ocrx_word' id='word_1_130' title='bbox 638 3026 673 3088; x_wconf 75' lang='lat' dir='ltr'>ei,</span> <span class='ocrx_word' id='word_1_131' title='bbox 689 3045 756 3092; x_wconf 86' lang='lat' dir='ltr'>quam</span> <span class='ocrx_word' id='word_1_132' title='bbox 766 3031 861 3090; x_wconf 80' lang='lat' dir='ltr'>Virgilio</span> <span class='ocrx_word' id='word_1_133' title='bbox 871 3046 899 3077; x_wconf 81' lang='lat' dir='ltr'>es</span> <span class='ocrx_word' id='word_1_134' title='bbox 913 3030 1023 3077; x_wconf 79' lang='lat' dir='ltr'>codicibus</span> <span class='ocrx_word' id='word_1_135' title='bbox 1038 3032 1179 3078; x_wconf 79' lang='lat' dir='ltr'>restituimus.</span> <span class='ocrx_word' id='word_1_136' title='bbox 1211 3032 1283 3079; x_wconf 81' lang='lat' dir='ltr'>Nullo</span> 
     </span>
     <span class='ocr_line' id='line_1_17' title="bbox 480 3117 1282 3167; baseline -0.001 -1"><span class='ocrx_word' id='word_1_137' title='bbox 480 3119 547 3167; x_wconf 88' lang='lat' dir='ltr'>modo</span> <span class='ocrx_word' id='word_1_138' title='bbox 562 3117 678 3167; x_wconf 75' lang='lat' dir='ltr'>tolerandae</span> <span class='ocrx_word' id='word_1_139' title='bbox 695 3119 745 3165; x_wconf 82' lang='lat' dir='ltr'>sunt</span> <span class='ocrx_word' id='word_1_140' title='bbox 758 3118 858 3165; x_wconf 85' lang='lat' dir='ltr'>virorum</span> <span class='ocrx_word' id='word_1_141' title='bbox 875 3118 991 3165; x_wconf 71' lang='lat' dir='ltr'>doeiorum</span> <span class='ocrx_word' id='word_1_142' title='bbox 1007 3119 1176 3166; x_wconf 75' lang='lat' dir='ltr'>emendationes.</span> <span class='ocrx_word' id='word_1_143' title='bbox 1206 3119 1282 3167; x_wconf 76' lang='lat' dir='ltr'>AElius</span> 
     </span>
     <span class='ocr_line' id='line_1_18' title="bbox 479 3205 1021 3270; baseline -0.004 -15"><span class='ocrx_word' id='word_1_144' title='bbox 479 3208 561 3266; x_wconf 84' lang='lat' dir='ltr'>Cinna,</span> <span class='ocrx_word' id='word_1_145' title='bbox 576 3206 634 3270; x_wconf 81' lang='lat' dir='ltr'>apud</span> <span class='ocrx_word' id='word_1_146' title='bbox 645 3205 771 3253; x_wconf 78' lang='lat' dir='ltr'>charisium</span> <span class='ocrx_word' id='word_1_147' title='bbox 783 3205 850 3253; x_wconf 87' lang='lat' dir='ltr'>inllit.</span> <span class='ocrx_word' id='word_1_148' title='bbox 859 3221 932 3265; x_wconf 78' lang='lat' dir='ltr'>gram.</span> <span class='ocrx_word' id='word_1_149' title='bbox 947 3207 987 3253; x_wconf 86' lang='lat' dir='ltr'>lib.</span> <span class='ocrx_word' id='word_1_150' title='bbox 1001 3221 1021 3254; x_wconf 89' lang='lat' dir='ltr'>r.</span> 
     </span>
    </p>

    <p class='ocr_par' dir='ltr' id='par_1_8' title="bbox 481 3294 1282 3534">
     <span class='ocr_line' id='line_1_19' title="bbox 609 3294 1134 3356; baseline 0.004 -15"><span class='ocrx_word' id='word_1_151' title='bbox 609 3297 645 3341; x_wconf 86' lang='lat' dir='ltr'>At</span> <span class='ocrx_word' id='word_1_152' title='bbox 656 3294 724 3341; x_wconf 81' lang='lat' dir='ltr'>scelus</span> <span class='ocrx_word' id='word_1_153' title='bbox 734 3294 814 3340; x_wconf 80' lang='lat' dir='ltr'>incesto</span> <span class='ocrx_word' id='word_1_154' title='bbox 824 3294 917 3356; x_wconf 82' lang='lat' dir='ltr'>‘turpe’</span> <span class='ocrx_word' id='word_1_155' title='bbox 927 3295 1032 3343; x_wconf 81' lang='lat' dir='ltr'>erescebat</span> <span class='ocrx_word' id='word_1_156' title='bbox 1044 3295 1067 3342; x_wconf 89' lang='lat' dir='ltr'>iu</span> <span class='ocrx_word' id='word_1_157' title='bbox 1077 3297 1134 3344; x_wconf 82' lang='lat' dir='ltr'>alvo.</span> 
     </span>
     <span class='ocr_line' id='line_1_20' title="bbox 481 3378 1282 3445; baseline 0.001 -14"><span class='ocrx_word' id='word_1_158' title='bbox 481 3378 551 3431; x_wconf 67' lang='lat' dir='ltr'>nent</span> <span class='ocrx_word' id='word_1_159' title='bbox 560 3382 678 3429; x_wconf 77' lang='lat' dir='ltr'>decernunt</span> <span class='ocrx_word' id='word_1_160' title='bbox 688 3381 790 3428; x_wconf 78' lang='lat' dir='ltr'>Heinsius</span> <span class='ocrx_word' id='word_1_161' title='bbox 800 3381 826 3428; x_wconf 85' lang='lat' dir='ltr'>ad</span> <span class='ocrx_word' id='word_1_162' title='bbox 837 3382 918 3429; x_wconf 88' lang='lat' dir='ltr'>Silium</span> <span class='ocrx_word' id='word_1_163' title='bbox 929 3382 965 3430; x_wconf 81' lang='lat' dir='ltr'>is.</span> <span class='ocrx_word' id='word_1_164' title='bbox 978 3395 1033 3445; x_wconf 80' lang='lat'>575.</span> <span class='ocrx_word' id='word_1_165' title='bbox 1041 3394 1063 3430; x_wconf 88' lang='lat' dir='ltr'>et</span> <span class='ocrx_word' id='word_1_166' title='bbox 1072 3383 1182 3431; x_wconf 80' lang='lat' dir='ltr'>Bentleius</span> <span class='ocrx_word' id='word_1_167' title='bbox 1192 3383 1218 3431; x_wconf 84' lang='lat' dir='ltr'>ad</span> <span class='ocrx_word' id='word_1_168' title='bbox 1227 3385 1282 3432; x_wconf 84' lang='lat' dir='ltr'>Ma·</span> 
     </span>
     <span class='ocr_line' id='line_1_21' title="bbox 481 3468 1207 3534; baseline -0.001 -13"><span class='ocrx_word' id='word_1_169' title='bbox 481 3474 564 3521; x_wconf 81' lang='lat' dir='ltr'>nillum</span> <span class='ocrx_word' id='word_1_170' title='bbox 574 3471 590 3518; x_wconf 92' lang='lat' dir='ltr'>i.</span> <span class='ocrx_word' id='word_1_171' title='bbox 601 3483 641 3534; x_wconf 83' lang='lat'>90.</span> <span class='ocrx_word' id='word_1_172' title='bbox 656 3486 711 3533; x_wconf 85' lang='lat' dir='ltr'>quos</span> <span class='ocrx_word' id='word_1_173' title='bbox 720 3470 788 3517; x_wconf 75' lang='lat' dir='ltr'>leelor</span> <span class='ocrx_word' id='word_1_174' title='bbox 799 3471 869 3518; x_wconf 75' lang='lat' dir='ltr'>adest.</span> <span class='ocrx_word' id='word_1_175' title='bbox 902 3468 936 3518; x_wconf 72' lang='lat' dir='ltr'>ltd</span> <span class='ocrx_word' id='word_1_176' title='bbox 947 3472 1026 3530; x_wconf 86' lang='lat' dir='ltr'>noller,</span> <span class='ocrx_word' id='word_1_177' title='bbox 1042 3473 1097 3520; x_wconf 81' lang='lat' dir='ltr'>AEn.</span> <span class='ocrx_word' id='word_1_178' title='bbox 1106 3473 1139 3519; x_wconf 86' lang='lat' dir='ltr'>vi.</span> <span class='ocrx_word' id='word_1_179' title='bbox 1149 3487 1207 3533; x_wconf 85' lang='lat'>4²¹·</span> 
     </span>
    </p>

    <p class='ocr_par' dir='ltr' id='par_1_9' title="bbox 482 3557 1282 4048">
     <span class='ocr_line' id='line_1_22' title="bbox 611 3557 1222 3623; baseline 0.005 -18"><span class='ocrx_word' id='word_1_180' title='bbox 611 3593 618 3606; x_wconf 93' lang='lat'><em>.</em></span> <span class='ocrx_word' id='word_1_181' title='bbox 636 3591 643 3606; x_wconf 89' lang='lat'>.</span> <span class='ocrx_word' id='word_1_182' title='bbox 660 3592 667 3607; x_wconf 91' lang='lat'><strong>.</strong></span> <span class='ocrx_word' id='word_1_183' title='bbox 684 3559 735 3615; x_wconf 90' lang='lat' dir='ltr'>Ille,</span> <span class='ocrx_word' id='word_1_184' title='bbox 752 3557 811 3606; x_wconf 82' lang='lat' dir='ltr'>fame</span> <span class='ocrx_word' id='word_1_185' title='bbox 821 3562 829 3589; x_wconf 84' lang='lat'>‘</span> <span class='ocrx_word' id='word_1_186' title='bbox 838 3559 926 3616; x_wconf 60' lang='lat' dir='ltr'>rabida:</span> <span class='ocrx_word' id='word_1_187' title='bbox 941 3562 984 3607; x_wconf 82' lang='lat' dir='ltr'>tria</span> <span class='ocrx_word' id='word_1_188' title='bbox 996 3571 1085 3620; x_wconf 76' lang='lat' dir='ltr'>guttura</span> <span class='ocrx_word' id='word_1_189' title='bbox 1095 3559 1203 3623; x_wconf 81' lang='lat' dir='ltr'>pandens:</span> <span class='ocrx_word' id='word_1_190' title='bbox 1218 3583 1222 3590; x_wconf 56' lang='lat'><em>¹</em></span> 
     </span>
     <span class='ocr_line' id='line_1_23' title="bbox 482 3646 1282 3708; baseline 0 -11"><span class='ocrx_word' id='word_1_191' title='bbox 482 3664 535 3697; x_wconf 79' lang='lat' dir='ltr'>nam</span> <span class='ocrx_word' id='word_1_192' title='bbox 552 3662 605 3695; x_wconf 81' lang='lat' dir='ltr'>cave</span> <span class='ocrx_word' id='word_1_193' title='bbox 616 3647 696 3694; x_wconf 82' lang='lat' dir='ltr'>dixeris</span> <span class='ocrx_word' id='word_1_194' title='bbox 708 3647 738 3694; x_wconf 90' lang='lat' dir='ltr'>ibi</span> <span class='ocrx_word' id='word_1_195' title='bbox 753 3646 794 3693; x_wconf 80' lang='lat' dir='ltr'>effe</span> <span class='ocrx_word' id='word_1_196' title='bbox 808 3648 884 3694; x_wconf 80' lang='lat' dir='ltr'>‘sexto</span> <span class='ocrx_word' id='word_1_197' title='bbox 897 3648 961 3694; x_wconf 85' lang='lat' dir='ltr'>casu&#39;</span> <span class='ocrx_word' id='word_1_198' title='bbox 975 3649 1095 3695; x_wconf 62' lang='lat' dir='ltr'>dictionem</span> <span class='ocrx_word' id='word_1_199' title='bbox 1112 3649 1201 3696; x_wconf 81' lang='lat' dir='ltr'>‘rabida</span> <span class='ocrx_word' id='word_1_200' title='bbox 1207 3649 1224 3708; x_wconf 61' lang='grc' dir='ltr'>ς’</span> <span class='ocrx_word' id='word_1_201' title='bbox 1241 3650 1282 3698; x_wconf 80' lang='lat' dir='ltr'>nili</span> 
     </span>
     <span class='ocr_line' id='line_1_24' title="bbox 482 3733 1282 3797; baseline 0 -13"><span class='ocrx_word' id='word_1_202' title='bbox 482 3737 538 3784; x_wconf 71' lang='lat' dir='ltr'>velis</span> <span class='ocrx_word' id='word_1_203' title='bbox 548 3747 618 3783; x_wconf 87' lang='lat' dir='ltr'>totam</span> <span class='ocrx_word' id='word_1_204' title='bbox 632 3734 715 3796; x_wconf 75' lang='lat' dir='ltr'>pelium</span> <span class='ocrx_word' id='word_1_205' title='bbox 728 3733 778 3781; x_wconf 84' lang='lat' dir='ltr'>dare</span> <span class='ocrx_word' id='word_1_206' title='bbox 793 3735 930 3782; x_wconf 81' lang='lat' dir='ltr'>venustatem</span> <span class='ocrx_word' id='word_1_207' title='bbox 943 3736 995 3783; x_wconf 89' lang='lat' dir='ltr'>loci.</span> <span class='ocrx_word' id='word_1_208' title='bbox 1025 3737 1082 3783; x_wconf 72' lang='lat' dir='ltr'>Vide</span> <span class='ocrx_word' id='word_1_209' title='bbox 1099 3736 1156 3783; x_wconf 79' lang='lat' dir='ltr'>iniri</span> <span class='ocrx_word' id='word_1_210' title='bbox 1167 3753 1211 3785; x_wconf 80' lang='lat' dir='ltr'>ver.</span> <span class='ocrx_word' id='word_1_211' title='bbox 1221 3739 1282 3797; x_wconf 81' lang='grc'><strong>464.</strong></span> 
     </span>
     <span class='ocr_line' id='line_1_25' title="bbox 483 3821 1282 3884; baseline -0.001 -11"><span class='ocrx_word' id='word_1_212' title='bbox 483 3826 518 3873; x_wconf 82' lang='lat' dir='ltr'>led</span> <span class='ocrx_word' id='word_1_213' title='bbox 528 3826 583 3872; x_wconf 83' lang='lat' dir='ltr'>hauc</span> <span class='ocrx_word' id='word_1_214' title='bbox 594 3822 681 3870; x_wconf 63' lang='lat' dir='ltr'>casura</span> <span class='ocrx_word' id='word_1_215' title='bbox 691 3823 739 3869; x_wconf 89' lang='lat' dir='ltr'>vim</span> <span class='ocrx_word' id='word_1_216' title='bbox 749 3833 803 3884; x_wconf 90' lang='lat' dir='ltr'>quot</span> <span class='ocrx_word' id='word_1_217' title='bbox 817 3822 912 3869; x_wconf 78' lang='lat' dir='ltr'>versibus</span> <span class='ocrx_word' id='word_1_218' title='bbox 924 3825 1036 3883; x_wconf 75' lang='lat' dir='ltr'>agnoverit</span> <span class='ocrx_word' id='word_1_219' title='bbox 1045 3825 1120 3881; x_wconf 85' lang='lat' dir='ltr'>Maro,</span> <span class='ocrx_word' id='word_1_220' title='bbox 1136 3821 1217 3872; x_wconf 80' lang='lat' dir='ltr'>ndrunt</span> <span class='ocrx_word' id='word_1_221' title='bbox 1228 3841 1282 3872; x_wconf 87' lang='lat' dir='ltr'>om-</span> 
     </span>
     <span class='ocr_line' id='line_1_26' title="bbox 482 3907 1280 3973; baseline 0.001 -13"><span class='ocrx_word' id='word_1_222' title='bbox 482 3927 536 3973; x_wconf 68' lang='lat' dir='ltr'>nes,</span> <span class='ocrx_word' id='word_1_223' title='bbox 559 3923 581 3959; x_wconf 84' lang='lat' dir='ltr'>et</span> <span class='ocrx_word' id='word_1_224' title='bbox 599 3907 684 3973; x_wconf 69' lang='lat' dir='ltr'>quotiis</span> <span class='ocrx_word' id='word_1_225' title='bbox 700 3909 806 3957; x_wconf 84' lang='lat' dir='ltr'>solicitent</span> <span class='ocrx_word' id='word_1_226' title='bbox 822 3910 905 3957; x_wconf 73' lang='lat' dir='ltr'>indodli</span> <span class='ocrx_word' id='word_1_227' title='bbox 926 3911 1006 3958; x_wconf 75' lang='lat' dir='ltr'>lcribae.</span> <span class='ocrx_word' id='word_1_228' title='bbox 1051 3912 1155 3970; x_wconf 84' lang='lat' dir='ltr'>Ovidius,</span> <span class='ocrx_word' id='word_1_229' title='bbox 1177 3911 1280 3961; x_wconf 57' lang='lat' dir='ltr'>meix.</span> 
     </span>
     <span class='ocr_line' id='line_1_27' title="bbox 484 4002 541 4048; baseline 0.018 -1"><span class='ocrx_word' id='word_1_230' title='bbox 484 4002 541 4048; x_wconf 85' lang='lat'>660.</span> 
     </span>
    </p>

    <p class='ocr_par' dir='ltr' id='par_1_10' title="bbox 482 4073 1151 4238">
     <span class='ocr_line' id='line_1_28' title="bbox 482 4073 1151 4150; baseline -0.001 -13"><span class='ocrx_word' id='word_1_231' title='bbox 482 4131 484 4137; x_wconf 73' lang='grc'><strong>,</strong></span> <span class='ocrx_word' id='word_1_232' title='bbox 613 4118 839 4137; x_wconf 88' lang='grc'><strong>..........</strong></span> <span class='ocrx_word' id='word_1_233' title='bbox 854 4073 954 4150; x_wconf 78' lang='lat' dir='ltr'>spirantis</span> <span class='ocrx_word' id='word_1_234' title='bbox 962 4090 971 4119; x_wconf 81' lang='lat'><em>‘</em></span> <span class='ocrx_word' id='word_1_235' title='bbox 978 4087 1040 4135; x_wconf 85' lang='lat' dir='ltr'>lene&#39;</span> <span class='ocrx_word' id='word_1_236' title='bbox 1051 4085 1151 4136; x_wconf 82' lang='lat' dir='ltr'>Favoni:</span> 
     </span>
     <span class='ocr_line' id='line_1_29' title="bbox 485 4176 1033 4238; baseline -0.007 -13"><span class='ocrx_word' id='word_1_237' title='bbox 485 4178 534 4225; x_wconf 81' lang='lat' dir='ltr'>vide</span> <span class='ocrx_word' id='word_1_238' title='bbox 544 4176 662 4225; x_wconf 84' lang='lat' dir='ltr'>Heinlium</span> <span class='ocrx_word' id='word_1_239' title='bbox 672 4178 699 4224; x_wconf 84' lang='lat' dir='ltr'>ad</span> <span class='ocrx_word' id='word_1_240' title='bbox 707 4176 769 4238; x_wconf 78' lang='lat' dir='ltr'>epist.</span> <span class='ocrx_word' id='word_1_241' title='bbox 779 4192 806 4224; x_wconf 86' lang='lat' dir='ltr'>ex</span> <span class='ocrx_word' id='word_1_242' title='bbox 817 4177 881 4224; x_wconf 84' lang='lat' dir='ltr'>Pont.</span> <span class='ocrx_word' id='word_1_243' title='bbox 893 4177 924 4224; x_wconf 85' lang='lat' dir='ltr'>ir.</span> <span class='ocrx_word' id='word_1_244' title='bbox 943 4189 981 4224; x_wconf 83' lang='lat' dir='ltr'>ro.</span> <span class='ocrx_word' id='word_1_245' title='bbox 991 4190 1033 4238; x_wconf 81' lang='lat'>43.</span> 
     </span>
    </p>

    <p class='ocr_par' dir='ltr' id='par_1_11' title="bbox 485 4264 1288 4595">
     <span class='ocr_line' id='line_1_30' title="bbox 518 4264 1284 4331; baseline 0.004 -18"><span class='ocrx_word' id='word_1_246' title='bbox 518 4267 573 4313; x_wconf 85' lang='lat' dir='ltr'>Ver.</span> <span class='ocrx_word' id='word_1_247' title='bbox 587 4264 643 4326; x_wconf 81' lang='lat'><strong>348.</strong></span> <span class='ocrx_word' id='word_1_248' title='bbox 663 4264 757 4312; x_wconf 82' lang='lat' dir='ltr'>Versum</span> <span class='ocrx_word' id='word_1_249' title='bbox 773 4264 902 4312; x_wconf 75' lang='lat' dir='ltr'>exhibemus</span> <span class='ocrx_word' id='word_1_250' title='bbox 916 4265 993 4312; x_wconf 78' lang='lat' dir='ltr'>nostris</span> <span class='ocrx_word' id='word_1_251' title='bbox 1006 4265 1137 4327; x_wconf 75' lang='lat' dir='ltr'>conjedluris</span> <span class='ocrx_word' id='word_1_252' title='bbox 1152 4268 1284 4331; x_wconf 80' lang='lat' dir='ltr'>expolitum,</span> 
     </span>
     <span class='ocr_line' id='line_1_31' title="bbox 485 4350 1288 4419; baseline 0.002 -18"><span class='ocrx_word' id='word_1_253' title='bbox 485 4369 548 4419; x_wconf 82' lang='lat' dir='ltr'>quas,</span> <span class='ocrx_word' id='word_1_254' title='bbox 563 4365 588 4400; x_wconf 94' lang='lat' dir='ltr'>ut</span> <span class='ocrx_word' id='word_1_255' title='bbox 598 4350 668 4415; x_wconf 71' lang='lat' dir='ltr'>posted</span> <span class='ocrx_word' id='word_1_256' title='bbox 679 4352 839 4409; x_wconf 83' lang='lat' dir='ltr'>intelleximus,</span> <span class='ocrx_word' id='word_1_257' title='bbox 857 4351 938 4415; x_wconf 84' lang='lat' dir='ltr'>partim</span> <span class='ocrx_word' id='word_1_258' title='bbox 948 4352 1081 4400; x_wconf 79' lang='lat' dir='ltr'>confirmant</span> <span class='ocrx_word' id='word_1_259' title='bbox 1091 4355 1182 4403; x_wconf 80' lang='lat' dir='ltr'>codices.</span> <span class='ocrx_word' id='word_1_260' title='bbox 1206 4356 1288 4413; x_wconf 69' lang='lat' dir='ltr'>Facili,</span> 
     </span>
     <span class='ocr_line' id='line_1_32' title="bbox 487 4440 1287 4501; baseline -0.009 -11"><span class='ocrx_word' id='word_1_261' title='bbox 487 4442 570 4490; x_wconf 85' lang='lat' dir='ltr'>liloret</span> <span class='ocrx_word' id='word_1_262' title='bbox 580 4443 603 4489; x_wconf 87' lang='lat' dir='ltr'>iu</span> <span class='ocrx_word' id='word_1_263' title='bbox 613 4441 676 4488; x_wconf 83' lang='lat' dir='ltr'>terris</span> <span class='ocrx_word' id='word_1_264' title='bbox 690 4442 765 4498; x_wconf 86' lang='lat' dir='ltr'>Maro,</span> <span class='ocrx_word' id='word_1_265' title='bbox 781 4440 843 4487; x_wconf 81' lang='lat' dir='ltr'>suam</span> <span class='ocrx_word' id='word_1_266' title='bbox 858 4455 951 4486; x_wconf 80' lang='lat' dir='ltr'>manum</span> <span class='ocrx_word' id='word_1_267' title='bbox 961 4440 1010 4500; x_wconf 87' lang='lat' dir='ltr'>jam</span> <span class='ocrx_word' id='word_1_268' title='bbox 1024 4456 1081 4487; x_wconf 77' lang='lat' dir='ltr'>nunc</span> <span class='ocrx_word' id='word_1_269' title='bbox 1095 4442 1227 4501; x_wconf 76' lang='lat' dir='ltr'>agrroseerea3</span> <span class='ocrx_word' id='word_1_270' title='bbox 1245 4458 1287 4490; x_wconf 74' lang='lat' dir='ltr'>ne.</span> 
     </span>
     <span class='ocr_line' id='line_1_33' title="bbox 485 4527 1287 4595; baseline 0.001 -17"><span class='ocrx_word' id='word_1_271' title='bbox 485 4548 529 4595; x_wconf 83' lang='lat' dir='ltr'>que</span> <span class='ocrx_word' id='word_1_272' title='bbox 546 4532 690 4581; x_wconf 85' lang='lat' dir='ltr'>horridiorem</span> <span class='ocrx_word' id='word_1_273' title='bbox 705 4528 753 4578; x_wconf 71' lang='lat' dir='ltr'>lani</span> <span class='ocrx_word' id='word_1_274' title='bbox 765 4529 850 4577; x_wconf 80' lang='lat' dir='ltr'>versum</span> <span class='ocrx_word' id='word_1_275' title='bbox 866 4528 960 4590; x_wconf 74' lang='lat' dir='ltr'>‚vulgato</span> <span class='ocrx_word' id='word_1_276' title='bbox 974 4527 1057 4577; x_wconf 70' lang='lat' dir='ltr'>temeri</span> <span class='ocrx_word' id='word_1_277' title='bbox 1071 4530 1169 4594; x_wconf 78' lang='lat' dir='ltr'>reperies,</span> <span class='ocrx_word' id='word_1_278' title='bbox 1184 4542 1207 4579; x_wconf 89' lang='lat' dir='ltr'>et</span> <span class='ocrx_word' id='word_1_279' title='bbox 1224 4528 1287 4595; x_wconf 74' lang='lat' dir='ltr'>poe‘ti</span> 
     </span>
    </p>
   </div>
   <div class='ocr_carea' id='block_1_5' title="bbox 878 4635 899 4674">
    <p class='ocr_par' dir='ltr' id='par_1_12' title="bbox 878 4635 899 4674">
     <span class='ocr_line' id='line_1_34' title="bbox 878 4635 899 4674; baseline 0 0"><span class='ocrx_word' id='word_1_280' title='bbox 878 4635 899 4674; x_wconf 71' lang='lat' dir='ltr'>X</span> 
     </span>
    </p>
   </div>
   <div class='ocr_carea' id='block_1_6' title="bbox 0 0 1793 6884">
    <p class='ocr_par' dir='ltr' id='par_1_13' title="bbox 0 0 1793 6884">
     <span class='ocr_line' id='line_1_35' title="bbox 0 0 1793 6884; baseline 0 0"><span class='ocrx_word' id='word_1_281' title='bbox 0 0 1793 6884; x_wconf 95' lang='lat' dir='ltr'> </span> 
     </span>
    </p>
   </div>
  </div>
 </body>
</html>
