3492 6884
508 1707 547 1760 38
743 1699 1070 1769 GEORGICON,
1200 1708 1305 1760 vat-ss.

509 1854 652 1915 Profuerit
665 1856 822 1915 meminisse
836 1857 942 1934 magis3
964 1876 1032 1915 nam
1045 1854 1117 1932 saepe
1131 1853 1259 1914 videmus

509 1958 599 2034 Jpstus
611 1958 642 2016 in
656 1960 736 2016 voltu
749 1960 840 2017 varios
852 1979 945 2017 errare
957 1959 1077 2016 colores:

509 2060 655 2119 Caemleus
667 2061 793 2138 pluviam
808 2061 968 2129 denuntiat,
987 2060 1090 2137 igneus
1103 2060 1208 2118 Euros:

509 2163 559 2221 Sin
574 2163 692 2221 macuiae
704 2163 845 2240 incipient
858 2164 945 2220 tutilo
959 2161 1132 2219 inmiscerier
1144 2160 1217 2237 igni,

508 2265 617 2323 Omnia
632 2277 700 2323 tunc
713 2265 817 2343 pariter
830 2275 917 2323 vento
930 2263 1092 2339 nimbisque
1104 2262 1214 2320 videbis

510 2365 643 2426 Fervere:
666 2387 724 2425 non
738 2368 787 2424 1111
801 2366 953 2443 quisquam
966 2385 1013 2423 me
1027 2366 1109 2423 nocte
1122 2384 1171 2441 per
1183 2364 1275 2423 altum

511 2470 566 2538 Ire,
586 2488 679 2545 neque
692 2489 708 2527 a
723 2470 795 2527 terri
809 2477 925 2527 moneat
938 2467 1096 2525 convellere
1110 2466 1220 2523 funem.

509 2574 552 2630 At
566 2572 595 2640 fi,
616 2592 705 2648 quum
719 2572 879 2646 reseretque
892 2571 968 2628 diem
982 2569 1142 2644 condetque
1155 2569 1287 2639 relatum,

509 2673 635 2734 Lucidue
647 2674 723 2731 orbis
736 2673 798 2742 crit,
819 2673 920 2731 frustra
935 2674 1074 2730 terrebere
1088 2669 1203 2738 nimbis,

509 2777 549 2835 Et
561 2775 637 2833 claro
651 2775 731 2834 silvas
744 2794 841 2832 cernes
854 2774 989 2850 aquilone
1001 2771 1118 2831 moveri.

550 2877 692 2952 Denique,
706 2879 776 2953 qnid
789 2876 896 2955 Vesper
909 2876 984 2934 serus
995 2876 1090 2943 vehat,
1107 2876 1184 2933 unde
1197 2875 1308 2932 serenas

510 2981 625 3039 Ventus
642 2990 709 3057 agat
723 2983 821 3051 nubes,
842 2980 912 3056 quid
925 2978 1033 3056 cogitet
1047 2977 1183 3035 humidus
1196 2977 1307 3047 Auster,

511 3083 556 3141 Sol
572 3082 626 3141 tibi
640 3084 718 3159 figna
731 3082 824 3140 dabit:
848 3081 942 3139 Solem
955 3081 1020 3156 quis
1033 3079 1126 3137 dicere
1140 3078 1244 3136 falsum

510 3185 641 3243 Audeat?
663 3185 716 3242 Ille
729 3184 817 3241 ctiam
829 3203 917 3241 caecos
928 3182 1031 3240 instare
1045 3182 1185 3239 tumultus

511 3288 590 3366 Saepe
598 3297 705 3354 mouet,
716 3288 904 3361 fraudemque
912 3296 941 3343 ct
948 3295 1046 3362 operta
1058 3282 1212 3342 tumescere
1220 3282 1306 3342 bella.

510 3391 564 3449 Ille
578 3391 666 3449 ctiam
680 3390 816 3448 exstincio
829 3388 977 3446 miseratus
990 3385 1101 3444 Caesare
1114 3387 1248 3455 nomam

511 3494 614 3552 Quum
627 3505 712 3570 caput
725 3492 843 3550 obscuri
857 3491 980 3548 nitidum
996 3488 1142 3565 ferrugine
1155 3488 1254 3559 tinxit,

510 3595 650 3672 Inpiaque
663 3605 799 3653 aetemum
813 3594 971 3651 timuemnt
984 3591 1084 3648 saecula
1097 3590 1219 3649 nostem.

509 3697 653 3776 Tempore
665 3714 840 3773 quamquam
853 3694 905 3752 1110
918 3694 1002 3751 tellus
1015 3712 1138 3770 quoque,
1153 3705 1182 3750 et
1195 3711 1308 3769 aequora

589 3798 679 3875 ponti,

511 3899 694 3976 Obscenique
707 3918 799 3968 canes,
819 3898 1038 3975 inportttnaeque
1050 3897 1187 3967 volucres,

512 4003 598 4078 Signa
609 4004 724 4060 dabant,
746 4002 870 4059 Quoties
878 3998 1182 4077 Cyclopumeffervere
1189 3999 1220 4057 in
1228 4017 1310 4076 agros

510 4104 654 4173 Vidimus,
672 4106 831 4163 undantem
845 4104 935 4180 ruptis
949 4102 1120 4170 fornacibus,
1138 4102 1271 4170 AEtuam,

512 4208 761 4281 Flammarumque
774 4207 873 4282 globos
884 4205 1093 4281 liquefactaque
1103 4205 1216 4262 volvere
1226 4203 1306 4262 saxa!

511 4312 668 4369 Ammrum
682 4308 807 4365 sonitum
822 4318 882 4366 toto
895 4307 1049 4365 Gennania
1063 4306 1135 4363 coelo

511 4413 630 4482 Audiit3
653 4410 774 4468 insolitis
788 4419 966 4468 tremuerunt
978 4410 1126 4467 montibus
1140 4411 1236 4487 Alpes.

510 4517 578 4574 Vox
591 4533 704 4592 quoque
718 4533 768 4591 per
780 4514 858 4570 lucos
871 4513 957 4588 volgo
970 4512 1104 4569 exaudita
1118 4511 1224 4570 silentis

511 4621 633 4698 Ingens3
654 4627 684 4677 et
698 4617 854 4687 simulacra,
874 4615 968 4675 modis
981 4615 1116 4693 pallentia
1129 4615 1218 4686 miris,
