3492 6884
497 1815 525 1856 v.
538 1802 588 1857 44.
814 1796 912 1856 LIB.
952 1797 977 1856 I.
1230 1801 1284 1867 107

498 1952 595 2020 Illum,
615 1949 805 2029 exspirantem
818 1952 954 2011 transfixo
965 1952 1077 2029 pedore
1090 1951 1228 2021 flammae,

497 2053 627 2112 Turbine
639 2056 791 2132 couripuit,
810 2056 981 2131 scopuloque
993 2054 1090 2112 infixit
1102 2063 1195 2113 acuto.

497 2156 550 2213 Ast
561 2173 624 2233 ego,
644 2175 709 2232 quae
721 2156 818 2215 divom
829 2156 931 2215 incedo
942 2155 1051 2233 regina,
1063 2156 1198 2234 Jovisque

498 2258 536 2316 Et
548 2256 625 2316 soror
636 2268 666 2316 et
678 2257 812 2336 conjunx,
832 2259 891 2317 uni
902 2278 970 2316 cum
982 2267 1069 2335 gente
1081 2268 1125 2315 tot
1136 2275 1224 2315 annue

497 2360 575 2418 Bella
589 2380 666 2438 gero.
706 2362 744 2419 Et
756 2360 907 2438 quisquam
920 2380 1027 2419 numen
1039 2360 1159 2437 Junonis
1170 2360 1268 2418 adoret

498 2462 644 2531 Praeterea,
663 2471 713 2520 aut
725 2461 844 2540 supplex
856 2463 911 2521 aris
923 2463 1041 2540 inponat
1053 2463 1207 2520 honorem?

535 2564 618 2622 Talia
630 2565 778 2624 flammato
790 2563 886 2623 secum
898 2565 960 2622 Dea
973 2566 1057 2623 corde
1068 2564 1209 2634 volutans,
1313 2619 1317 2628 ,

497 2665 673 2725 Nimbomm
683 2666 714 2725 in
727 2667 856 2743 patriam,
866 2668 928 2725 loca
939 2666 998 2725 feta
1008 2666 1169 2724 furentibus
1181 2666 1288 2737 austrie,

497 2768 627 2826 AEoliam
638 2768 729 2828 venit.
767 2769 827 2827 Hic
838 2768 914 2827 vasio
926 2787 976 2827 rex
989 2768 1093 2827 AEolus
1104 2776 1187 2848 antro

498 2868 646 2928 Luuantis
657 2878 756 2928 ventos
768 2870 1001 2948 tempestatesque
1012 2872 1125 2930 sonoras

498 2971 622 3048 Imperio
631 2974 745 3050 premit,
765 2992 798 3034 ac
811 2974 911 3032 vinclis
922 2984 952 3031 et
963 2953 1074 3033 minere
1086 2974 1189 3034 frenat.

498 3074 545 3132 Illi
557 3074 738 3152 indignantes
750 3095 855 3153 magno
867 3095 935 3135 cum
946 3095 1092 3135 murmure
1103 3077 1210 3135 montio

498 3176 617 3235 Circum
629 3177 746 3236 claustra
757 3177 899 3235 fremunt:
925 3177 998 3236 cella
1009 3179 1087 3236 sedet
1099 3178 1203 3237 AEolua
1214 3195 1288 3248 arne,

498 3279 612 3354 Sceptra
623 3287 736 3349 tenena;
750 3280 900 3356 mollitque
907 3280 1025 3350 nniruos,
1033 3289 1063 3338 et
1072 3288 1212 3357 temperat
1222 3279 1287 3338 irae.

498 3378 541 3439 Ni
554 3380 648 3450 faeiat,
669 3381 757 3440 maria
769 3399 803 3439 ac
816 3391 903 3439 terras
915 3381 1076 3457 coelumque
1087 3381 1262 3457 profundum

499 3481 617 3559 Quippe
630 3481 724 3540 serant
736 3481 828 3559 rapidi
839 3482 945 3551 secum,
958 3493 1128 3559 verrantque
1137 3501 1188 3560 per
1197 3501 1287 3542 aurae.

499 3583 554 3642 Sed
565 3594 646 3661 pater
657 3583 836 3661 omnipotens
848 3583 987 3661 speluncis
1000 3585 1110 3643 abdidit
1123 3584 1200 3654 atria,

498 3685 564 3746 Hoc
576 3694 720 3757 metuens,
741 3686 904 3762 molemque
915 3694 945 3744 et
957 3685 1063 3743 montis
1080 3685 1195 3763 insuper
1206 3685 1279 3745 altoe

498 3787 636 3865 Inposuit,
656 3805 809 3865 regemque
821 3788 910 3856 dedit,
930 3789 981 3865 qui
993 3788 1099 3847 soedere
1112 3799 1190 3847 certo

499 3891 538 3949 Et
549 3908 685 3967 premere,
705 3898 736 3948 et
747 3890 826 3948 laxas
840 3890 922 3948 sciret
940 3891 1006 3948 dare
1014 3889 1103 3967 jussus
1116 3891 1249 3950 habenam

498 3991 549 4053 Ad
562 4010 648 4067 quem
661 4000 724 4049 tum
736 3992 814 4069 Juno
827 3991 946 4069 supplex
959 3992 1003 4050 hia
1015 3992 1132 4051 vocibus
1144 3994 1193 4053 usa
1205 3993 1259 4052 eti:

537 4093 634 4161 AEole,
654 4111 777 4170 namque
797 4093 852 4152 tibi
869 4093 966 4152 divom
984 4107 1072 4169 pater,
1091 4104 1178 4171 atque
1195 4095 1290 4156 homi·

616 4213 687 4254 num
699 4213 759 4266 rex,

499 4296 538 4357 Et
550 4297 674 4355 mulcere
686 4297 765 4356 dedit
777 4297 881 4356 fluum
893 4305 924 4355 et
936 4296 1036 4356 tollere
1047 4307 1147 4371 vento,

500 4399 588 4468 Gens,
608 4398 725 4456 inimica
737 4397 819 4469 mihi,
838 4398 1023 4475 Tyrrhenum
1036 4399 1153 4477 navigat
1165 4419 1271 4478 aequor,

500 4499 590 4558 Ilium
601 4498 632 4556 in
646 4498 760 4557 ltaliam
772 4509 895 4576 portans,
915 4500 1059 4577 vidoaque
1072 4503 1205 4562 Penates:

499 4601 602 4662 Incute
613 4599 674 4657 vim
684 4600 785 4669 ventis,
804 4599 1015 4677 submersasque
1027 4602 1115 4661 obrue
1128 4623 1237 4683 puppes
1241 4629 1251 4678 ς

500 4702 566 4767 Aut
578 4717 632 4778 age
643 4698 775 4773 diversos,
794 4709 824 4759 et
836 4700 935 4780 diajioe
950 4720 1065 4780 oorpora
1077 4715 1175 4782 ponto.
