<?xml version="1.0" encoding="UTF-8"?>
<!DOCTYPE html PUBLIC "-//W3C//DTD XHTML 1.0 Transitional//EN"
    "http://www.w3.org/TR/xhtml1/DTD/xhtml1-transitional.dtd">
<html xmlns="http://www.w3.org/1999/xhtml" xml:lang="en" lang="en">
 <head>
  <title>
</title>
<meta http-equiv="Content-Type" content="text/html;charset=utf-8" />
  <meta name='ocr-system' content='tesseract 3.04.00' />
  <meta name='ocr-capabilities' content='ocr_page ocr_carea ocr_par ocr_line ocrx_word'/>
</head>
<body>
  <div class='ocr_page' id='page_1' title='image "./pvirgiliimaroni00wakegoog/pvirgiliimaroni00wakegoog_0170.png"; bbox 0 0 3492 6884; ppageno 0'>
   <div class='ocr_carea' id='block_1_1' title="bbox 293 1731 1167 1818">
    <p class='ocr_par' dir='ltr' id='par_1_1' title="bbox 293 1731 1167 1818">
     <span class='ocr_line' id='line_1_1' title="bbox 293 1731 1167 1818; baseline -0.006 -19"><span class='ocrx_word' id='word_1_1' title='bbox 293 1731 359 1806; x_wconf 68' lang='lat' dir='ltr'>tto</span> <span class='ocrx_word' id='word_1_2' title='bbox 589 1734 748 1792; x_wconf 83' lang='lat' dir='ltr'>crars.</span> <span class='ocrx_word' id='word_1_3' title='bbox 989 1739 1097 1794; x_wconf 62' lang='lat' dir='ltr'>em.</span> <span class='ocrx_word' id='word_1_4' title='bbox 1165 1813 1167 1818; x_wconf 16' lang='grc' dir='ltr'>Ι</span> 
     </span>
    </p>
   </div>
   <div class='ocr_carea' id='block_1_2' title="bbox 295 1886 1095 4712">
    <p class='ocr_par' dir='ltr' id='par_1_2' title="bbox 300 1886 944 1965">
     <span class='ocr_line' id='line_1_2' title="bbox 300 1886 944 1965; baseline 0.005 -22"><span class='ocrx_word' id='word_1_5' title='bbox 300 1886 454 1962; x_wconf 81' lang='lat' dir='ltr'>AEquoreae</span> <span class='ocrx_word' id='word_1_6' title='bbox 465 1887 563 1964; x_wconf 82' lang='lat' dir='ltr'>pestes,</span> <span class='ocrx_word' id='word_1_7' title='bbox 583 1889 710 1949; x_wconf 87' lang='lat' dir='ltr'>inmania</span> <span class='ocrx_word' id='word_1_8' title='bbox 723 1907 839 1965; x_wconf 90' lang='lat' dir='ltr'>corpora</span> <span class='ocrx_word' id='word_1_9' title='bbox 851 1887 944 1957; x_wconf 87' lang='lat' dir='ltr'>Ponti,</span> 
     </span>
    </p>

    <p class='ocr_par' dir='ltr' id='par_1_3' title="bbox 299 1989 1095 2069">
     <span class='ocr_line' id='line_1_3' title="bbox 299 1989 1095 2069; baseline 0.005 -24"><span class='ocrx_word' id='word_1_10' title='bbox 299 1989 435 2064; x_wconf 84' lang='lat' dir='ltr'><strong>Undique</strong></span> <span class='ocrx_word' id='word_1_11' title='bbox 446 1991 633 2062; x_wconf 73' lang='lat' dir='ltr'>conveniunt,</span> <span class='ocrx_word' id='word_1_12' title='bbox 647 2005 685 2060; x_wconf 86' lang='lat' dir='ltr'>et,</span> <span class='ocrx_word' id='word_1_13' title='bbox 693 1992 794 2069; x_wconf 86' lang='lat' dir='ltr'>glauco</span> <span class='ocrx_word' id='word_1_14' title='bbox 807 1991 836 2048; x_wconf 89' lang='lat' dir='ltr'>in</span> <span class='ocrx_word' id='word_1_15' title='bbox 851 1990 965 2068; x_wconf 80' lang='lat' dir='ltr'>gurgite</span> <span class='ocrx_word' id='word_1_16' title='bbox 977 1990 1095 2062; x_wconf 86' lang='lat' dir='ltr'>circum,</span> 
     </span>
    </p>

    <p class='ocr_par' dir='ltr' id='par_1_4' title="bbox 298 2090 1056 2170">
     <span class='ocr_line' id='line_1_4' title="bbox 298 2090 1056 2170; baseline 0.004 -23"><span class='ocrx_word' id='word_1_17' title='bbox 298 2090 423 2149; x_wconf 84' lang='lat' dir='ltr'>Verbere</span> <span class='ocrx_word' id='word_1_18' title='bbox 436 2094 598 2164; x_wconf 86' lang='lat' dir='ltr'>caudarum,</span> <span class='ocrx_word' id='word_1_19' title='bbox 618 2106 704 2170; x_wconf 88' lang='lat' dir='ltr'>atque</span> <span class='ocrx_word' id='word_1_20' title='bbox 716 2093 771 2151; x_wconf 80' lang='lat' dir='ltr'>on&#39;n</span> <span class='ocrx_word' id='word_1_21' title='bbox 782 2093 955 2152; x_wconf 73' lang='lat' dir='ltr'>minitantur</span> <span class='ocrx_word' id='word_1_22' title='bbox 966 2093 1056 2150; x_wconf 90' lang='lat' dir='ltr'>hiatu.</span> 
     </span>
    </p>

    <p class='ocr_par' dir='ltr' id='par_1_5' title="bbox 297 2193 1094 2271">
     <span class='ocr_line' id='line_1_5' title="bbox 297 2193 1094 2271; baseline 0.004 -21"><span class='ocrx_word' id='word_1_23' title='bbox 297 2194 364 2271; x_wconf 90' lang='lat' dir='ltr'>Jam</span> <span class='ocrx_word' id='word_1_24' title='bbox 378 2196 493 2253; x_wconf 89' lang='lat' dir='ltr'>tandem</span> <span class='ocrx_word' id='word_1_25' title='bbox 506 2195 585 2254; x_wconf 81' lang='lat' dir='ltr'>casus</span> <span class='ocrx_word' id='word_1_26' title='bbox 600 2195 761 2263; x_wconf 91' lang='lat' dir='ltr'>hominum,</span> <span class='ocrx_word' id='word_1_27' title='bbox 776 2193 838 2271; x_wconf 87' lang='lat' dir='ltr'>jam</span> <span class='ocrx_word' id='word_1_28' title='bbox 850 2193 965 2271; x_wconf 81' lang='lat' dir='ltr'>respice,</span> <span class='ocrx_word' id='word_1_29' title='bbox 985 2193 1094 2253; x_wconf 67' lang='lat' dir='ltr'>Minoe</span> 
     </span>
    </p>

    <p class='ocr_par' dir='ltr' id='par_1_6' title="bbox 299 2295 1007 2366">
     <span class='ocr_line' id='line_1_6' title="bbox 299 2295 1007 2366; baseline 0.001 -14"><span class='ocrx_word' id='word_1_30' title='bbox 299 2295 343 2353; x_wconf 89' lang='lat' dir='ltr'>Sit</span> <span class='ocrx_word' id='word_1_31' title='bbox 355 2295 420 2354; x_wconf 80' lang='lat' dir='ltr'>satis</span> <span class='ocrx_word' id='word_1_32' title='bbox 433 2298 496 2366; x_wconf 92' lang='lat' dir='ltr'>hoc,</span> <span class='ocrx_word' id='word_1_33' title='bbox 517 2307 629 2356; x_wconf 86' lang='lat' dir='ltr'>tantum</span> <span class='ocrx_word' id='word_1_34' title='bbox 642 2296 731 2355; x_wconf 91' lang='lat' dir='ltr'>solam</span> <span class='ocrx_word' id='word_1_35' title='bbox 742 2296 841 2354; x_wconf 86' lang='lat' dir='ltr'>vidisse</span> <span class='ocrx_word' id='word_1_36' title='bbox 851 2295 1007 2362; x_wconf 84' lang='lat' dir='ltr'>malorum:</span> 
     </span>
    </p>

    <p class='ocr_par' dir='ltr' id='par_1_7' title="bbox 298 2398 907 2475">
     <span class='ocr_line' id='line_1_7' title="bbox 298 2398 907 2475; baseline 0.002 -21"><span class='ocrx_word' id='word_1_37' title='bbox 298 2398 353 2455; x_wconf 87' lang='lat' dir='ltr'>Vel</span> <span class='ocrx_word' id='word_1_38' title='bbox 366 2399 427 2457; x_wconf 87' lang='lat' dir='ltr'>sato</span> <span class='ocrx_word' id='word_1_39' title='bbox 440 2399 528 2456; x_wconf 83' lang='lat' dir='ltr'>fuerit</span> <span class='ocrx_word' id='word_1_40' title='bbox 539 2400 620 2457; x_wconf 76' lang='lat' dir='ltr'>nobis</span> <span class='ocrx_word' id='word_1_41' title='bbox 633 2399 694 2456; x_wconf 86' lang='lat' dir='ltr'>haec</span> <span class='ocrx_word' id='word_1_42' title='bbox 707 2398 803 2456; x_wconf 88' lang='lat' dir='ltr'>debita</span> <span class='ocrx_word' id='word_1_43' title='bbox 815 2398 907 2475; x_wconf 81' lang='lat' dir='ltr'>petiis,</span> 
     </span>
    </p>

    <p class='ocr_par' dir='ltr' id='par_1_8' title="bbox 299 2500 990 2579">
     <span class='ocr_line' id='line_1_8' title="bbox 299 2500 990 2579; baseline 0 -22"><span class='ocrx_word' id='word_1_44' title='bbox 299 2500 354 2557; x_wconf 92' lang='lat' dir='ltr'>Vel</span> <span class='ocrx_word' id='word_1_45' title='bbox 367 2501 432 2558; x_wconf 86' lang='lat' dir='ltr'>casu</span> <span class='ocrx_word' id='word_1_46' title='bbox 446 2501 564 2568; x_wconf 90' lang='lat' dir='ltr'>incerto,</span> <span class='ocrx_word' id='word_1_47' title='bbox 583 2500 686 2558; x_wconf 74' lang='lat' dir='ltr'>merita</span> <span class='ocrx_word' id='word_1_48' title='bbox 699 2502 743 2559; x_wconf 89' lang='lat' dir='ltr'>vel</span> <span class='ocrx_word' id='word_1_49' title='bbox 757 2500 880 2575; x_wconf 89' lang='lat' dir='ltr'>denique</span> <span class='ocrx_word' id='word_1_50' title='bbox 892 2500 990 2579; x_wconf 70' lang='lat' dir='ltr'>culpa:</span> 
     </span>
    </p>

    <p class='ocr_par' dir='ltr' id='par_1_9' title="bbox 297 2599 1006 2776">
     <span class='ocr_line' id='line_1_9' title="bbox 297 2599 1003 2679; baseline 0.004 -21"><span class='ocrx_word' id='word_1_51' title='bbox 297 2599 405 2658; x_wconf 90' lang='lat' dir='ltr'>Omnia</span> <span class='ocrx_word' id='word_1_52' title='bbox 419 2621 485 2659; x_wconf 88' lang='lat' dir='ltr'>nam</span> <span class='ocrx_word' id='word_1_53' title='bbox 497 2602 600 2678; x_wconf 89' lang='lat' dir='ltr'>potius,</span> <span class='ocrx_word' id='word_1_54' title='bbox 621 2621 707 2678; x_wconf 91' lang='lat' dir='ltr'>quam</span> <span class='ocrx_word' id='word_1_55' title='bbox 722 2613 749 2659; x_wconf 89' lang='lat' dir='ltr'>te</span> <span class='ocrx_word' id='word_1_56' title='bbox 762 2601 866 2671; x_wconf 73' lang='lat' dir='ltr'>laesisse,</span> <span class='ocrx_word' id='word_1_57' title='bbox 886 2604 1003 2679; x_wconf 88' lang='lat' dir='ltr'>putabo.</span> 
     </span>
     <span class='ocr_line' id='line_1_10' title="bbox 337 2702 1006 2776; baseline 0.004 -16"><span class='ocrx_word' id='word_1_58' title='bbox 337 2702 458 2760; x_wconf 84' lang='lat' dir='ltr'>Labitur</span> <span class='ocrx_word' id='word_1_59' title='bbox 469 2702 586 2772; x_wconf 89' lang='lat' dir='ltr'>interea,</span> <span class='ocrx_word' id='word_1_60' title='bbox 606 2703 727 2762; x_wconf 90' lang='lat' dir='ltr'>resoluta</span> <span class='ocrx_word' id='word_1_61' title='bbox 740 2705 777 2761; x_wconf 88' lang='lat' dir='ltr'>ab</span> <span class='ocrx_word' id='word_1_62' title='bbox 790 2703 883 2774; x_wconf 87' lang='lat' dir='ltr'>litore,</span> <span class='ocrx_word' id='word_1_63' title='bbox 904 2703 1006 2776; x_wconf 59' lang='lat' dir='ltr'>classim</span> 
     </span>
    </p>

    <p class='ocr_par' dir='ltr' id='par_1_10' title="bbox 297 2803 934 2880">
     <span class='ocr_line' id='line_1_11' title="bbox 297 2803 934 2880; baseline 0.003 -18"><span class='ocrx_word' id='word_1_64' title='bbox 297 2803 407 2880; x_wconf 82' lang='lat' dir='ltr'>Magna</span> <span class='ocrx_word' id='word_1_65' title='bbox 420 2806 569 2880; x_wconf 88' lang='lat' dir='ltr'>repentino</span> <span class='ocrx_word' id='word_1_66' title='bbox 583 2805 729 2863; x_wconf 85' lang='lat' dir='ltr'>sinuantur</span> <span class='ocrx_word' id='word_1_67' title='bbox 741 2805 829 2862; x_wconf 83' lang='lat' dir='ltr'>lintea</span> <span class='ocrx_word' id='word_1_68' title='bbox 842 2805 934 2876; x_wconf 68' lang='lat' dir='ltr'>coro,</span> 
     </span>
    </p>

    <p class='ocr_par' dir='ltr' id='par_1_11' title="bbox 297 2906 1008 2984">
     <span class='ocr_line' id='line_1_12' title="bbox 297 2906 1008 2984; baseline -0.001 -19"><span class='ocrx_word' id='word_1_69' title='bbox 297 2906 434 2966; x_wconf 70' lang='lat' dir='ltr'>Flectitur</span> <span class='ocrx_word' id='word_1_70' title='bbox 447 2907 476 2964; x_wconf 90' lang='lat' dir='ltr'>in</span> <span class='ocrx_word' id='word_1_71' title='bbox 490 2906 575 2964; x_wconf 84' lang='lat' dir='ltr'>viridi</span> <span class='ocrx_word' id='word_1_72' title='bbox 587 2925 681 2964; x_wconf 86' lang='lat' dir='ltr'>remus</span> <span class='ocrx_word' id='word_1_73' title='bbox 693 2906 762 2978; x_wconf 73' lang='lat' dir='ltr'>sale,</span> <span class='ocrx_word' id='word_1_74' title='bbox 783 2907 919 2984; x_wconf 85' lang='lat' dir='ltr'>languida</span> <span class='ocrx_word' id='word_1_75' title='bbox 933 2906 1008 2964; x_wconf 74' lang='lat' dir='ltr'>feffae</span> 
     </span>
    </p>

    <p class='ocr_par' dir='ltr' id='par_1_12' title="bbox 295 3008 996 3089">
     <span class='ocr_line' id='line_1_13' title="bbox 295 3008 996 3089; baseline 0.004 -23"><span class='ocrx_word' id='word_1_76' title='bbox 295 3008 425 3086; x_wconf 77' lang='lat' dir='ltr'>Virginis</span> <span class='ocrx_word' id='word_1_77' title='bbox 437 3009 467 3066; x_wconf 91' lang='lat' dir='ltr'>in</span> <span class='ocrx_word' id='word_1_78' title='bbox 482 3008 564 3066; x_wconf 88' lang='lat' dir='ltr'>cursu</span> <span class='ocrx_word' id='word_1_79' title='bbox 577 3009 698 3068; x_wconf 90' lang='lat' dir='ltr'>moritur</span> <span class='ocrx_word' id='word_1_80' title='bbox 709 3010 888 3086; x_wconf 90' lang='lat' dir='ltr'>querimonia</span> <span class='ocrx_word' id='word_1_81' title='bbox 900 3010 996 3089; x_wconf 82' lang='lat' dir='ltr'>lango.</span> 
     </span>
    </p>

    <p class='ocr_par' dir='ltr' id='par_1_13' title="bbox 296 3110 1023 3188">
     <span class='ocr_line' id='line_1_14' title="bbox 296 3110 1023 3188; baseline 0.001 -18"><span class='ocrx_word' id='word_1_82' title='bbox 296 3110 419 3179; x_wconf 87' lang='lat' dir='ltr'>Deserit,</span> <span class='ocrx_word' id='word_1_83' title='bbox 438 3110 561 3188; x_wconf 83' lang='lat' dir='ltr'>angustis</span> <span class='ocrx_word' id='word_1_84' title='bbox 573 3111 715 3169; x_wconf 90' lang='lat' dir='ltr'>inclusum</span> <span class='ocrx_word' id='word_1_85' title='bbox 728 3112 867 3181; x_wconf 78' lang='lat' dir='ltr'>faucibus,</span> <span class='ocrx_word' id='word_1_86' title='bbox 887 3113 1023 3183; x_wconf 85' lang='lat' dir='ltr'>Isthmon,</span> 
     </span>
    </p>

    <p class='ocr_par' dir='ltr' id='par_1_14' title="bbox 297 3212 974 3291">
     <span class='ocr_line' id='line_1_15' title="bbox 297 3212 974 3291; baseline 0.001 -20"><span class='ocrx_word' id='word_1_87' title='bbox 297 3212 458 3290; x_wconf 82' lang='lat' dir='ltr'>Cypselidae</span> <span class='ocrx_word' id='word_1_88' title='bbox 470 3212 568 3291; x_wconf 79' lang='lat' dir='ltr'>magni</span> <span class='ocrx_word' id='word_1_89' title='bbox 581 3212 712 3271; x_wconf 82' lang='lat' dir='ltr'>florentia</span> <span class='ocrx_word' id='word_1_90' title='bbox 725 3231 813 3289; x_wconf 85' lang='lat' dir='ltr'>regna</span> <span class='ocrx_word' id='word_1_91' title='bbox 826 3214 974 3272; x_wconf 85' lang='lat' dir='ltr'>Corinthi:</span> 
     </span>
    </p>

    <p class='ocr_par' dir='ltr' id='par_1_15' title="bbox 296 3314 939 3392">
     <span class='ocr_line' id='line_1_16' title="bbox 296 3314 939 3392; baseline 0.002 -19"><span class='ocrx_word' id='word_1_92' title='bbox 296 3315 426 3375; x_wconf 80' lang='lat' dir='ltr'>Praeterit</span> <span class='ocrx_word' id='word_1_93' title='bbox 438 3318 570 3392; x_wconf 86' lang='lat' dir='ltr'>abruptas</span> <span class='ocrx_word' id='word_1_94' title='bbox 583 3314 704 3373; x_wconf 87' lang='lat' dir='ltr'>Scironis</span> <span class='ocrx_word' id='word_1_95' title='bbox 716 3315 845 3392; x_wconf 85' lang='lat' dir='ltr'>protinus</span> <span class='ocrx_word' id='word_1_96' title='bbox 858 3317 939 3386; x_wconf 84' lang='lat' dir='ltr'>arcia,</span> 
     </span>
    </p>

    <p class='ocr_par' dir='ltr' id='par_1_16' title="bbox 298 3416 871 3492">
     <span class='ocr_line' id='line_1_17' title="bbox 298 3416 871 3492; baseline -0.002 -18"><span class='ocrx_word' id='word_1_97' title='bbox 298 3418 491 3492; x_wconf 81' lang='lat' dir='ltr'>infestumque</span> <span class='ocrx_word' id='word_1_98' title='bbox 504 3416 560 3474; x_wconf 85' lang='lat' dir='ltr'>suis</span> <span class='ocrx_word' id='word_1_99' title='bbox 573 3417 642 3475; x_wconf 86' lang='lat' dir='ltr'>dirae</span> <span class='ocrx_word' id='word_1_100' title='bbox 654 3417 799 3474; x_wconf 85' lang='lat' dir='ltr'>testudinis</span> <span class='ocrx_word' id='word_1_101' title='bbox 811 3417 871 3475; x_wconf 83' lang='lat' dir='ltr'>exit</span> 
     </span>
    </p>

    <p class='ocr_par' dir='ltr' id='par_1_17' title="bbox 297 3518 994 3597">
     <span class='ocr_line' id='line_1_18' title="bbox 297 3518 994 3597; baseline 0 -20"><span class='ocrx_word' id='word_1_102' title='bbox 297 3521 446 3597; x_wconf 70' lang='lat' dir='ltr'>speleum,</span> <span class='ocrx_word' id='word_1_103' title='bbox 467 3520 614 3595; x_wconf 90' lang='lat' dir='ltr'>multoque</span> <span class='ocrx_word' id='word_1_104' title='bbox 626 3529 756 3577; x_wconf 89' lang='lat' dir='ltr'>cruentas</span> <span class='ocrx_word' id='word_1_105' title='bbox 766 3518 878 3596; x_wconf 88' lang='lat' dir='ltr'>hospite</span> <span class='ocrx_word' id='word_1_106' title='bbox 890 3530 994 3578; x_wconf 87' lang='lat' dir='ltr'>cautes.</span> 
     </span>
    </p>

    <p class='ocr_par' dir='ltr' id='par_1_18' title="bbox 296 3620 939 3699">
     <span class='ocr_line' id='line_1_19' title="bbox 296 3620 939 3699; baseline -0.003 -19"><span class='ocrx_word' id='word_1_107' title='bbox 296 3624 418 3699; x_wconf 88' lang='lat' dir='ltr'>Jamque</span> <span class='ocrx_word' id='word_1_108' title='bbox 431 3623 501 3680; x_wconf 88' lang='lat' dir='ltr'>adeo</span> <span class='ocrx_word' id='word_1_109' title='bbox 515 3632 610 3679; x_wconf 92' lang='lat' dir='ltr'>tutum</span> <span class='ocrx_word' id='word_1_110' title='bbox 624 3621 709 3697; x_wconf 88' lang='lat' dir='ltr'>longe</span> <span class='ocrx_word' id='word_1_111' title='bbox 723 3620 826 3678; x_wconf 66' lang='lat' dir='ltr'>Piraeea</span> <span class='ocrx_word' id='word_1_112' title='bbox 836 3622 939 3690; x_wconf 90' lang='lat' dir='ltr'>cernit,</span> 
     </span>
    </p>

    <p class='ocr_par' dir='ltr' id='par_1_19' title="bbox 297 3707 1059 3799">
     <span class='ocr_line' id='line_1_20' title="bbox 297 3707 1059 3799; baseline 0.001 -18"><span class='ocrx_word' id='word_1_113' title='bbox 297 3726 335 3782; x_wconf 90' lang='lat' dir='ltr'>Et</span> <span class='ocrx_word' id='word_1_114' title='bbox 349 3734 429 3782; x_wconf 82' lang='lat' dir='ltr'>notar</span> <span class='ocrx_word' id='word_1_115' title='bbox 442 3707 546 3792; x_wconf 82' lang='lat' dir='ltr'>secum,</span> <span class='ocrx_word' id='word_1_116' title='bbox 566 3724 623 3784; x_wconf 90' lang='lat' dir='ltr'>heu</span> <span class='ocrx_word' id='word_1_117' title='bbox 637 3723 749 3780; x_wconf 84' lang='lat' dir='ltr'>frustrat</span> <span class='ocrx_word' id='word_1_118' title='bbox 771 3722 909 3799; x_wconf 70' lang='lat' dir='ltr'>respectat</span> <span class='ocrx_word' id='word_1_119' title='bbox 921 3723 1059 3783; x_wconf 83' lang='lat' dir='ltr'>Athenas.</span> 
     </span>
    </p>

    <p class='ocr_par' dir='ltr' id='par_1_20' title="bbox 297 3823 945 3902">
     <span class='ocr_line' id='line_1_21' title="bbox 297 3823 945 3902; baseline -0.003 -19"><span class='ocrx_word' id='word_1_120' title='bbox 297 3826 363 3902; x_wconf 89' lang='lat' dir='ltr'>Jam</span> <span class='ocrx_word' id='word_1_121' title='bbox 375 3825 473 3902; x_wconf 90' lang='lat' dir='ltr'>procul</span> <span class='ocrx_word' id='word_1_122' title='bbox 487 3845 503 3882; x_wconf 87' lang='lat' dir='ltr'>e</span> <span class='ocrx_word' id='word_1_123' title='bbox 516 3826 604 3883; x_wconf 70' lang='lat' dir='ltr'>fluetu</span> <span class='ocrx_word' id='word_1_124' title='bbox 618 3824 731 3881; x_wconf 85' lang='lat' dir='ltr'>Minoia</span> <span class='ocrx_word' id='word_1_125' title='bbox 745 3823 858 3900; x_wconf 87' lang='lat' dir='ltr'>respicit</span> <span class='ocrx_word' id='word_1_126' title='bbox 870 3843 945 3894; x_wconf 87' lang='lat' dir='ltr'>arva,</span> 
     </span>
    </p>

    <p class='ocr_par' dir='ltr' id='par_1_21' title="bbox 297 3925 1091 4005">
     <span class='ocr_line' id='line_1_22' title="bbox 297 3925 1091 4005; baseline 0.003 -21"><span class='ocrx_word' id='word_1_127' title='bbox 297 3928 491 4003; x_wconf 79' lang='lat' dir='ltr'>Florentisque</span> <span class='ocrx_word' id='word_1_128' title='bbox 503 3926 581 3984; x_wconf 85' lang='lat' dir='ltr'>videt</span> <span class='ocrx_word' id='word_1_129' title='bbox 590 3925 652 4002; x_wconf 89' lang='lat' dir='ltr'>jam</span> <span class='ocrx_word' id='word_1_130' title='bbox 663 3925 812 4002; x_wconf 84' lang='lat' dir='ltr'>Cycladas,</span> <span class='ocrx_word' id='word_1_131' title='bbox 824 3926 892 3984; x_wconf 89' lang='lat' dir='ltr'>hinc</span> <span class='ocrx_word' id='word_1_132' title='bbox 908 3927 1091 4005; x_wconf 73' lang='lat' dir='ltr'>Strophadas·</span> 
     </span>
    </p>

    <p class='ocr_par' dir='ltr' id='par_1_22' title="bbox 375 4048 445 4103">
     <span class='ocr_line' id='line_1_23' title="bbox 375 4048 445 4103; baseline 0 -18"><span class='ocrx_word' id='word_1_133' title='bbox 375 4048 431 4103; x_wconf 90' lang='lat' dir='ltr'>que</span> <span class='ocrx_word' id='word_1_134' title='bbox 436 4053 445 4097; x_wconf 80' lang='lat'>3</span> 
     </span>
    </p>

    <p class='ocr_par' dir='ltr' id='par_1_23' title="bbox 296 4127 1052 4206">
     <span class='ocr_line' id='line_1_24' title="bbox 296 4127 1052 4206; baseline 0.004 -18"><span class='ocrx_word' id='word_1_135' title='bbox 296 4130 374 4188; x_wconf 89' lang='lat' dir='ltr'>Hinc</span> <span class='ocrx_word' id='word_1_136' title='bbox 389 4130 472 4200; x_wconf 85' lang='lat' dir='ltr'>finus,</span> <span class='ocrx_word' id='word_1_137' title='bbox 491 4127 560 4186; x_wconf 90' lang='lat' dir='ltr'>hinc</span> <span class='ocrx_word' id='word_1_138' title='bbox 574 4129 654 4188; x_wconf 84' lang='lat' dir='ltr'>statio</span> <span class='ocrx_word' id='word_1_139' title='bbox 667 4138 765 4187; x_wconf 83' lang='lat' dir='ltr'>contra</span> <span class='ocrx_word' id='word_1_140' title='bbox 777 4140 855 4206; x_wconf 87' lang='lat' dir='ltr'>patet</span> <span class='ocrx_word' id='word_1_141' title='bbox 868 4130 1052 4192; x_wconf 86' lang='lat' dir='ltr'>Hermiouea.</span> 
     </span>
    </p>

    <p class='ocr_par' dir='ltr' id='par_1_24' title="bbox 296 4230 975 4308">
     <span class='ocr_line' id='line_1_25' title="bbox 296 4230 975 4308; baseline 0 -18"><span class='ocrx_word' id='word_1_142' title='bbox 296 4230 451 4307; x_wconf 88' lang='lat' dir='ltr'>Linquitur</span> <span class='ocrx_word' id='word_1_143' title='bbox 464 4241 531 4288; x_wconf 91' lang='lat' dir='ltr'>ante</span> <span class='ocrx_word' id='word_1_144' title='bbox 543 4231 611 4288; x_wconf 82' lang='lat' dir='ltr'>alias</span> <span class='ocrx_word' id='word_1_145' title='bbox 624 4232 709 4308; x_wconf 84' lang='lat' dir='ltr'>longe</span> <span class='ocrx_word' id='word_1_146' title='bbox 721 4232 875 4308; x_wconf 83' lang='lat' dir='ltr'>gratiffima</span> <span class='ocrx_word' id='word_1_147' title='bbox 888 4234 975 4294; x_wconf 80' lang='lat' dir='ltr'>Delos</span> 
     </span>
    </p>

    <p class='ocr_par' dir='ltr' id='par_1_25' title="bbox 297 4332 883 4412">
     <span class='ocr_line' id='line_1_26' title="bbox 297 4332 883 4412; baseline 0 -19"><span class='ocrx_word' id='word_1_148' title='bbox 297 4334 458 4393; x_wconf 78' lang='lat' dir='ltr'>Nereidum</span> <span class='ocrx_word' id='word_1_149' title='bbox 471 4332 567 4400; x_wconf 69' lang='lat' dir='ltr'>matri·</span> <span class='ocrx_word' id='word_1_150' title='bbox 577 4344 607 4391; x_wconf 90' lang='lat' dir='ltr'>et</span> <span class='ocrx_word' id='word_1_151' title='bbox 619 4334 758 4411; x_wconf 87' lang='lat' dir='ltr'>Neptuno</span> <span class='ocrx_word' id='word_1_152' title='bbox 770 4336 883 4412; x_wconf 84' lang='lat' dir='ltr'>AEgaeo.</span> 
     </span>
    </p>

    <p class='ocr_par' dir='ltr' id='par_1_26' title="bbox 297 4434 1045 4515">
     <span class='ocr_line' id='line_1_27' title="bbox 297 4434 1045 4515; baseline 0.004 -20"><span class='ocrx_word' id='word_1_153' title='bbox 297 4434 442 4513; x_wconf 91' lang='lat' dir='ltr'>Prospicit,</span> <span class='ocrx_word' id='word_1_154' title='bbox 462 4435 617 4493; x_wconf 70' lang='lat' dir='ltr'>incinsiam</span> <span class='ocrx_word' id='word_1_155' title='bbox 630 4435 772 4513; x_wconf 88' lang='lat' dir='ltr'>spumanti</span> <span class='ocrx_word' id='word_1_156' title='bbox 785 4438 877 4510; x_wconf 87' lang='lat' dir='ltr'>litore,</span> <span class='ocrx_word' id='word_1_157' title='bbox 899 4439 1045 4515; x_wconf 80' lang='lat' dir='ltr'>Cythnon,</span> 
     </span>
    </p>

    <p class='ocr_par' dir='ltr' id='par_1_27' title="bbox 297 4539 1091 4618">
     <span class='ocr_line' id='line_1_28' title="bbox 297 4539 1091 4618; baseline 0.01 -21"><span class='ocrx_word' id='word_1_158' title='bbox 297 4540 544 4612; x_wconf 83' lang='lat' dir='ltr'>Mamroreamque</span> <span class='ocrx_word' id='word_1_159' title='bbox 557 4539 656 4609; x_wconf 84' lang='lat' dir='ltr'>Paron,</span> <span class='ocrx_word' id='word_1_160' title='bbox 675 4539 850 4617; x_wconf 74' lang='lat' dir='ltr'>viridemque</span> <span class='ocrx_word' id='word_1_161' title='bbox 864 4541 976 4618; x_wconf 85' lang='lat' dir='ltr'>adlapsa</span> <span class='ocrx_word' id='word_1_162' title='bbox 989 4544 1091 4606; x_wconf 84' lang='lat' dir='ltr'>Donu-</span> 
     </span>
    </p>

    <p class='ocr_par' dir='ltr' id='par_1_28' title="bbox 373 4640 441 4712">
     <span class='ocr_line' id='line_1_29' title="bbox 373 4640 441 4712; baseline 0 0"><span class='ocrx_word' id='word_1_163' title='bbox 373 4640 441 4712; x_wconf 71' lang='lat' dir='ltr'>sam,</span> 
     </span>
    </p>
   </div>
   <div class='ocr_carea' id='block_1_3' title="bbox 0 0 1750 6884">
    <p class='ocr_par' dir='ltr' id='par_1_29' title="bbox 0 0 1750 6884">
     <span class='ocr_line' id='line_1_30' title="bbox 0 0 1750 6884; baseline 0 0"><span class='ocrx_word' id='word_1_164' title='bbox 0 0 1750 6884; x_wconf 95' lang='lat' dir='ltr'> </span> 
     </span>
    </p>
   </div>
  </div>
 </body>
</html>
