3492 6884
469 1779 573 1835 nu:
769 1774 869 1835 LIB.
910 1777 965 1836 111.
1205 1781 1267 1846 249

472 1929 551 1989 Heul
564 1930 644 2008 suge
656 1932 778 1991 erudelis
792 1944 888 2002 terras,
909 1934 979 2009 suge
991 1931 1061 1990 litus
1074 1948 1200 1994 avarum.

472 2034 550 2092 Nam
564 2033 717 2110 Polydorus
728 2053 792 2112 ego.
831 2035 891 2093 Hic
903 2036 1051 2094 confixum
1064 2034 1154 2091 serres
1166 2032 1242 2091 texit

471 2135 611 2194 Telorum
623 2135 711 2213 seges,
730 2147 759 2195 et
768 2136 871 2215 jaculis
884 2137 1006 2196 increvit
1017 2136 1117 2195 acutis,

471 2239 551 2297 ‘lum
563 2257 639 2310 vero,
658 2239 778 2318 ancipiti
791 2249 919 2298 mentem
932 2238 1086 2298 formidine
1099 2237 1213 2316 pressus,

472 2341 626 2419 Obstupui,
634 2342 827 2419 steteruntque
834 2362 934 2410 eoum,
942 2353 972 2399 et
978 2361 1033 2400 vox
1042 2340 1172 2399 faucibus
1179 2339 1269 2398 baefit.

511 2444 601 2502 Hunc
621 2445 793 2522 Polydorum
812 2445 875 2504 auri
893 2446 1038 2522 quondam
1057 2464 1125 2503 cum
1144 2443 1270 2522 pondere

588 2564 695 2624 ΜΨ)

472 2648 581 2707 Infelix
593 2649 720 2709 Priamus
732 2650 835 2710 furtim
848 2652 997 2709 mandarat
1009 2650 1145 2710 alendum

473 2751 609 2814 Threicio
621 2751 684 2829 regi
689 2778 698 2825 ς
719 2771 811 2829 quum
819 2752 881 2829 jam
893 2753 1037 2812 diffideret
1049 2753 1135 2812 armis

473 2853 636 2924 Dardanioe,
656 2854 792 2933 cingique
805 2857 907 2914 urbem
919 2856 1065 2915 obfidione
1077 2856 1198 2917 videret.

475 2957 537 3027 llle,
556 2967 591 3029 nt
603 2976 671 3034 opes
686 2958 782 3016 fractae
793 2940 953 3029 Teucrum,
970 2968 1001 3017 et
1014 2959 1137 3017 Fortuna
1152 2957 1271 3029 rooeslit,

475 3061 530 3119 Res
542 3059 787 3137 Agamemnonias
800 3059 985 3139 vidriciaque
998 3081 1076 3121 arma
1090 3062 1211 3133 secutus,

475 3163 527 3221 Fas
538 3181 624 3221 omne
634 3162 794 3240 abrumpit:
811 3164 984 3239 Polydorum
992 3166 1154 3235 obtruncat,
1163 3174 1193 3224 et
1202 3183 1273 3225 auro

477 3269 515 3326 Vi
528 3266 645 3344 potitur.
686 3266 768 3326 Quid
781 3286 840 3326 non
854 3268 985 3326 mortalia
998 3269 1111 3346 pestora
1125 3268 1214 3347 cogis,

478 3369 551 3437 Auri
566 3369 642 3428 sacra
655 3369 759 3428 famosi
794 3371 944 3447 Postquam
957 3389 1046 3447 pavor
1058 3370 1114 3430 ossa
1127 3371 1255 3448 reliquit,

477 3473 610 3532 Delebtos
621 3471 719 3550 populi
729 3472 765 3531 nd
774 3491 911 3550 proceres,
923 3472 1107 3551 primumque
1116 3483 1274 3552 parentem,

477 3576 706 3638 Monstradeirm
718 3576 826 3648 resero;
846 3588 886 3645 et,
897 3595 962 3652 quae
973 3575 1008 3633 fit
1019 3576 1167 3647 sententia,
1180 3576 1276 3655 posoo.

478 3679 622 3739 Omnibus
633 3677 711 3736 idem
724 3679 837 3737 animus
849 3676 983 3737 scelerati
995 3680 1131 3738 excedere
1144 3680 1234 3752 terri3

479 3781 588 3859 Linqui
606 3780 751 3859 pollutum
766 3780 932 3858 hospitium,
951 3789 983 3839 et
996 3782 1063 3840 dare
1078 3782 1208 3842 clastibus
1224 3801 1277 3843 au·

557 3884 635 3944 stros.

479 3989 556 4064 Ergo
567 3985 755 4045 instauramus
766 3985 906 4062 Polydoro
918 3986 1015 4055 sunus,
1034 3996 1065 4046 et
1077 3986 1180 4067 ingens

480 4090 640 4168 Adgeritur
652 4088 765 4147 tumulo
777 4088 878 4147 tellus:
900 4089 973 4147 siant
985 4090 1122 4150 Manibus
1133 4110 1199 4165 erre,

480 4192 618 4253 Coeruleis
630 4190 733 4251 maeiiae
745 4190 833 4259 vittis,
854 4191 971 4268 utrique
983 4194 1110 4270 cupresso
1117 4219 1128 4268 5

482 4299 520 4357 Et
532 4297 643 4355 circum
655 4293 767 4365 Iliades,
787 4293 897 4352 crinem
910 4295 946 4352 de
959 4314 1038 4354 more
1051 4295 1160 4357 solutae.

482 4399 636 4460 inferimus
648 4396 746 4475 tepido
759 4392 920 4473 spumantia
932 4397 1047 4473 cymbia
1060 4399 1141 4470 laste,

483 4500 637 4579 Sanguinis
647 4511 678 4559 et
689 4497 760 4557 sacri
772 4509 895 4576 pateram
917 4499 1099 4577 animamque
1112 4500 1241 4580 sepulcro
1276 4511 1281 4520 '

483 4602 651 4673 Condimus,
670 4610 702 4660 et
713 4600 818 4676 magns
830 4600 996 4677 supremum
1007 4622 1076 4661 vooe
1088 4604 1206 4663 ciemus.

521 4705 603 4779 Inde,
622 4702 675 4766 ubi
687 4702 780 4783 prima
791 4701 862 4763 fides
872 4702 986 4783 pelago,
998 4704 1167 4787 placataque
1178 4707 1273 4774 rentii
1300 4693 1302 4695 ¹
