3492 6884
516 1795 571 1852 11⁸
745 1784 1074 1857 Gnouulcoru
1200 1797 1308 1850 vam.

512 1943 642 2019 Clioque,
662 1950 692 1999 et
704 1942 793 1999 Beroe
805 1940 890 2010 soror,
910 1939 1094 2000 Oceanitides
1107 1943 1208 2011 ambe,

510 2047 615 2105 Ambae
627 2063 710 2113 auro,
730 2044 813 2121 piffls
825 2043 958 2101 incineiae
970 2043 1091 2121 pellibus
1104 2046 1197 2102 ambae
1204 2069 1213 2116 3

509 2150 609 2225 Atque
622 2147 746 2224 Ephyre,
765 2156 851 2223 atque
862 2145 945 2222 opis,
964 2155 994 2204 et
1005 2146 1073 2204 Asia
1087 2147 1214 2224 Deiopea
1222 2171 1232 2217 ;
1302 2203 1304 2207 ,

507 2251 546 2309 Et
560 2246 676 2308 tandem
689 2250 786 2327 posuis
798 2248 882 2306 velox
894 2248 1038 2306 Arethusa
1050 2249 1169 2325 sagittis.

507 2354 588 2412 Inter
600 2372 670 2430 quas
683 2371 780 2410 curam
793 2351 934 2427 Clymene
947 2353 1080 2409 narrabat
1092 2351 1209 2409 inanem

506 2456 639 2525 Volcani,
659 2455 818 2530 Martisque
830 2454 910 2511 dolos
922 2462 953 2510 et
965 2453 1061 2512 dulcia
1072 2454 1167 2523 furta5

506 2560 592 2636 Aque
606 2559 688 2617 Chao
701 2557 800 2616 densos
812 2556 909 2614 divom
923 2558 1093 2615 numerabat
1106 2574 1223 2615 amores.

506 2661 643 2720 Carmine
656 2679 714 2736 quo
726 2670 816 2736 caprae
827 2658 897 2715 dum
910 2657 978 2715 fufis
990 2658 1087 2716 mollia
1099 2659 1186 2736 pensa

505 2762 680 2831 Devolrunt,
701 2761 806 2819 iterum
819 2768 960 2818 maternas
972 2760 1080 2838 inpulit
1091 2761 1167 2819 aurii

507 2864 613 2924 Ludius
627 2863 749 2933 Aristaei,
762 2861 915 2939 vitreisque
929 2862 1062 2921 sedilibus
1074 2883 1173 2923 omnes

505 2967 683 3043 Obstupuere
688 2991 697 3038 ς
718 2966 767 3024 sed
779 2975 846 3024 ante
858 2965 928 3024 alias
940 2966 1082 3024 Arethusa
1096 2966 1200 3025 sorores
1284 3018 1290 3031 .

504 3069 692 3146 Prospiciens‚
711 3069 821 3128 summi
834 3069 945 3126 flavum
957 3078 1045 3145 eaput
1056 3070 1161 3127 extulit
1173 3070 1265 3129 undu:

503 3172 542 3230 Et
555 3172 664 3249 procul,
682 3170 712 3230 0
724 3171 835 3248 gemitu
847 3190 905 3229 non
919 3162 1020 3229 fflstra
1032 3172 1168 3230 exterrita
1182 3182 1269 3243 tantu.

504 3274 618 3352 Cyrene
630 3274 720 3333 soror!
743 3273 803 3351 ipse
816 3273 880 3341 tibi,
900 3286 950 3331 tun
962 3273 1087 3334 maxima
1101 3293 1179 3347 cura,

502 3376 604 3439 Tristis
618 3376 754 3437 Aristaeus
768 3378 855 3436 Penei
867 3375 954 3453 patris
967 3377 1002 3434 ad
1015 3378 1123 3435 undam

502 3480 736 3550 statuerimus,
756 3490 787 3537 et
799 3490 828 3537 te
840 3479 985 3538 crudelem
999 3478 1115 3538 nomine
1128 3479 1207 3537 dicit.

501 3583 591 3654 Huic,
610 3583 736 3661 percussa
750 3582 823 3647 novi
837 3593 964 3640 mentem
977 3581 1140 3650 formidine,
1159 3591 1260 3651 mater,

501 3687 577 3757 Duc,
597 3705 660 3764 age,
680 3687 735 3743 duc
748 3686 784 3743 ad
798 3704 860 3742 nos:
884 3685 927 3743 fae
939 3684 983 3742 illi
995 3685 1096 3743 limina
1109 3683 1207 3744 divom

500 3789 643 3865 Tangere,
664 3787 718 3845 ait:
740 3786 823 3849 sunni
836 3785 893 3843 alta
902 3784 986 3861 jubet
998 3786 1140 3845 discedere
1153 3787 1211 3844 late

499 3890 641 3960 Flumina,
662 3889 719 3965 qud
727 3888 841 3965 juvenis
854 3887 961 3964 greffus
973 3888 1106 3947 inferret:
1128 3888 1265 3958 atilium,

499 3994 625 4051 Curvata
638 3992 669 4053 in
682 3990 788 4049 montis
801 3989 916 4059 faciem,
937 3990 1122 4049 circumstetit
1135 3992 1222 4062 unda,

498 4093 683 4171 Adcepitque
696 4092 758 4149 finu
771 4091 856 4160 vasto,
877 4091 1011 4168 mifitque
1024 4093 1076 4151 sub
1089 4114 1213 4152 amnem.

497 4197 620 4274 Jamque
628 4195 746 4251 domum
754 4193 859 4251 miram
867 4194 1065 4270 genetricis,et
1073 4196 1191 4255 humida
1200 4215 1297 4274 regua,

497 4296 704 4375 speluncisque
715 4295 793 4354 lacus
806 4294 924 4366 clausos,
944 4296 1079 4372 lucosque
1090 4297 1225 4369 sonantis,

497 4400 576 4470 Ibat3
598 4410 636 4468 et,
657 4399 770 4475 ingenti
783 4409 866 4465 motu
880 4398 1050 4482 stupefaeius
1063 4419 1213 4475 aquarum,

449 4488 451 4492 Α
497 4502 606 4561 Omnia
619 4502 671 4560 sub
684 4502 790 4578 magni
802 4501 927 4561 labentia
940 4500 1061 4559 flumina
1073 4502 1148 4559 terri

496 4607 654 4682 Spestabat,
673 4604 782 4672 diversa
795 4604 881 4675 locis3
903 4603 1080 4681 Phafimque,
1095 4605 1274 4681 Lycumque,

494 4708 534 4768 Et
545 4717 640 4787 caput,
660 4708 737 4767 uude
750 4708 824 4767 altus
836 4707 965 4786 primum
976 4705 1005 4766 se
1018 4707 1145 4785 erumpit
1155 4707 1290 4786 Enipeus,
1302 4768 1306 4775 ,
