3492 6884
511 1789 568 1841 ιιι
825 1780 989 1842 crnrs.
1215 1790 1306 1855 mo.

508 1934 577 1994 Non
592 1936 740 2013 equidem5
762 1938 892 2012 quamvis
904 1937 1050 1996 interdum
1063 1935 1161 1994 ludere
1173 1936 1265 2007 nobis,

507 2038 546 2095 Et
559 2040 695 2115 gracilem
709 2040 788 2097 molli
800 2040 885 2097 liceat
898 2041 971 2116 pede
984 2039 1113 2097 claudere
1126 2038 1251 2095 versum:

508 2141 562 2199 Sed
576 2160 681 2217 magno
695 2141 834 2209 intexens,
855 2141 876 2198 ti
890 2142 933 2198 fas
945 2141 984 2199 est
998 2140 1101 2210 dicere,
1121 2140 1215 2217 peplo,

508 2242 612 2301 Qualis
625 2244 786 2302 Erichtheis
798 2243 867 2301 olim
882 2254 1011 2320 portatur
1023 2242 1156 2310 Athenis,

506 2345 613 2404 Debita
626 2365 692 2405 cum
705 2347 785 2405 cailae
798 2347 947 2405 solvuntur
959 2358 1025 2405 vota
1038 2347 1188 2414 Minervae,

406 2518 408 2522 Ι
505 2448 657 2524 Tardaque
670 2449 800 2507 confedo
813 2450 933 2507 redeunt
947 2449 1153 2524 Quinquennis
1167 2449 1251 2507 lustro
1255 2473 1265 2522 5

503 2521 584 2608 sium
596 2550 665 2608 levis
678 2551 787 2608 alterno
799 2551 948 2627 Zephyrus
961 2552 1125 2608 concrebuit
1139 2551 1224 2621 Euro,

506 2653 544 2710 Et
557 2672 647 2729 prono
659 2652 808 2729 gravidum
821 2653 951 2728 provexit
963 2654 1087 2728 pondere
1099 2671 1224 2712 currum.

506 2755 587 2813 Felix
601 2754 650 2812 ille
662 2755 730 2823 dies,
751 2755 822 2811 felix
835 2764 865 2812 et
877 2754 982 2812 dicitur
995 2774 1097 2825 annus;
1228 2742 1233 2753 ¹

505 2856 623 2926 Felices,
643 2856 693 2932 qui
705 2856 792 2914 talem
805 2874 913 2914 annum
926 2855 1031 2924 videre,
1051 2856 1194 2931 diemque.

504 2959 582 3036 Ergo
594 2957 726 3017 Palladiae
737 2968 875 3017 texuntur
887 2960 918 3016 in
931 2957 1030 3016 ordine
1042 2977 1163 3035 pugnas:

504 3061 615 3138 Magna
628 3061 778 3137 Giganteis
790 3071 929 3119 ornantur
940 3062 1023 3137 pepla
1037 3061 1163 3137 tropaeis,

503 3163 629 3222 Horrida
641 3162 798 3241 sanguineo
809 3164 969 3239 pinguntur
980 3163 1077 3239 praelis
1089 3182 1190 3235 cocc03

503 3266 640 3338 Additur,
660 3267 757 3324 aurati
771 3264 895 3343 dejectus
908 3263 1033 3342 cuspide,
1051 3264 1166 3342 Typho,

504 3368 567 3427 Qui
579 3368 667 3447 prius,
687 3367 786 3426 otsaeis
798 3368 977 3426 consternens
989 3368 1095 3425 aethera
1109 3368 1192 3438 saxis,

502 3473 638 3533 Emathio
650 3473 758 3531 celsum
771 3472 936 3549 duplicabat
949 3471 1055 3529 vertice
1067 3470 1235 3548 Olympum.

501 3576 575 3635 Tale
587 3578 648 3634 dee
662 3576 760 3634 velum
774 3574 904 3633 sollemni
917 3574 948 3631 in
962 3583 1088 3651 tempore
1101 3584 1226 3650 portant.

540 3678 607 3737 Tali
621 3687 650 3736 tc
663 3678 776 3746 vellem,
792 3677 928 3754 juvenem
941 3676 1106 3746 doetiffime,
1126 3676 1185 3733 ritu

502 3782 659 3858 Purpureos
672 3780 748 3838 inter
760 3780 856 3847 Soles,
866 3789 897 3836 et
908 3778 1029 3836 candida
1043 3778 1132 3834 Lunae

502 3884 609 3953 Sidera,
629 3882 756 3941 caeruleis
768 3883 867 3939 orbem
880 3879 1021 3957 pulsantia
1035 3878 1119 3955 bigis,
1149 3945 1162 3971 0

501 3984 622 4043 Naturae
636 4002 731 4041 rerum
744 3982 856 4058 magnis
868 3984 996 4039 intexere
1009 3980 1129 4038 chartis:

501 4088 658 4147 AEtemum
672 4085 783 4162 Sophiae
796 4084 980 4161 conjundtum
992 4084 1117 4141 mnnine
1128 4102 1235 4142 nomen

500 4188 605 4248 Noslra
618 4197 701 4245 tuum
715 4186 827 4244 senibus
840 4187 1004 4263 loqueretur
1016 4185 1121 4262 pagina
1135 4186 1230 4244 seclis.

501 4292 565 4360 Sed,
589 4289 727 4365 quoniam
746 4289 783 4347 sd
803 4299 896 4346 tantas
915 4306 992 4345 nunc
1011 4288 1137 4364 primurn
1158 4287 1299 4348 nascimur

578 4403 669 4461 arten

500 4496 590 4557 Nunc
603 4495 730 4571 primum
744 4502 854 4552 teneros
867 4492 1015 4551 firmamus
1028 4494 1127 4551 robore
1139 4512 1252 4565 nervos,

500 4597 572 4659 Haec
586 4608 682 4657 tamen
695 4597 814 4667 interea,
834 4615 900 4672 quse
911 4595 1063 4672 poffumus,
1083 4596 1113 4653 in
1127 4596 1231 4671 quibus
1244 4597 1298 4656 tesi

500 4701 594 4761 erim·
607 4698 771 4759 rudimenta
781 4708 812 4758 et
824 4698 931 4777 primos
942 4699 1091 4777 exegimus
1103 4716 1201 4772 annos,
