3492 6884
469 1831 574 1897 v.478.
785 1825 884 1885 LIB.
925 1826 949 1884 Ι.
1227 1833 1267 1895 59

470 1980 540 2040 Visa
554 1981 605 2040 sub
617 1980 770 2040 obscurum
782 1983 872 2041 nostis
878 2008 887 2054 3
909 1983 1087 2059 pecudesque
1099 1979 1235 2057 loquutae,

469 2083 640 2141 Infandum!
670 2084 769 2142 fistunt
785 2104 891 2155 amnes,
913 2094 1049 2159 terraeque
1062 2084 1227 2153 dehiscunt,

469 2186 507 2243 Et
524 2186 654 2243 maestum
674 2185 839 2244 inlacrimat
859 2186 973 2263 templis
991 2187 1069 2254 ebur,
1090 2204 1201 2261 aeraque
1221 2183 1268 2242 su·

545 2288 627 2345 daut.

468 2389 587 2459 Proluit,
606 2388 707 2448 insano
719 2400 910 2466 contorquens
923 2389 1040 2460 vertice,
1061 2390 1141 2447 silvas

469 2490 636 2548 Fluvionrm
648 2509 699 2548 rex
714 2492 861 2560 Eridanus,
882 2511 1052 2568 camposque
1062 2510 1114 2567 per
1127 2489 1221 2548 omnis

469 2592 544 2649 Cum
559 2592 673 2649 stabulis
686 2603 813 2650 armenta
828 2593 904 2650 tulit.
945 2594 1011 2651 Nec
1025 2605 1152 2670 tempore
1165 2593 1266 2651 eodem

466 2692 607 2750 Tristibus
619 2704 670 2752 aut
683 2694 757 2751 extis
770 2694 849 2751 fibrae
862 2696 997 2771 adparere
1010 2695 1143 2763 minaces,

468 2796 531 2852 Aut
542 2795 637 2872 puteis
650 2815 765 2854 manare
778 2816 860 2854 cruor
872 2796 1001 2869 cessavit3
1023 2806 1053 2854 et
1065 2799 1131 2855 altae

408 2944 413 2954 .
468 2900 520 2956 Per
533 2899 647 2956 nosiem
660 2897 797 2967 resonare,
817 2898 893 2975 lupis
906 2899 1091 2968 ululantibus,
1105 2902 1197 2959 urbes.

468 3001 538 3059 Non
551 3001 621 3059 alias
633 3002 706 3059 coelo
718 3001 882 3058 ceciderunt
895 3002 976 3078 plura
990 3005 1087 3058 sereno

470 3104 593 3181 Fulgura
598 3128 608 3176 5
629 3123 683 3160 nec
693 3103 749 3160 diri
763 3103 845 3160 toties
858 3102 948 3161 arsere
961 3111 1090 3160 cometae.

468 3208 545 3283 Ergo
558 3207 634 3263 inter
646 3205 704 3262 sese
717 3206 831 3281 paribus
844 3224 1010 3263 concurrere
1024 3205 1088 3263 telis

468 3307 611 3364 Romanas
624 3306 699 3363 acies
712 3305 816 3363 iterum
832 3307 930 3363 videre
943 3307 1086 3385 Philippi:

468 3409 534 3467 Nec
547 3408 604 3465 fuit
617 3408 771 3483 indignum
785 3407 900 3484 superis,
919 3409 963 3466 bis
976 3410 1114 3487 sanguine
1128 3412 1221 3469 nostro

469 3500 642 3568 Emathians
647 3521 677 3567 et
690 3510 760 3567 latos
773 3509 870 3566 Haemi
883 3510 1066 3587 pinguescere
1080 3532 1195 3589 campos

469 3613 597 3672 Scilicet!
619 3613 657 3670 Et
671 3621 783 3689 tempus
796 3611 902 3680 veniet,
922 3631 1013 3687 quum
1025 3614 1131 3672 finibus
1144 3616 1201 3675 illis

466 3716 616 3794 Agricola,
637 3714 756 3771 incurvo
769 3724 873 3772 terram
887 3715 1003 3773 molitus
1015 3727 1117 3790 aratr0‚

468 3818 559 3878 Exesa
573 3817 702 3875 inveniet
714 3817 811 3873 scabri
823 3816 955 3893 robigine
969 3817 1037 3893 pila,

467 3924 532 3981 Aut
545 3921 680 3998 gravibus
694 3918 785 3977 rastris
797 3918 892 3995 galeas
905 3919 1030 3995 pulsabit
1042 3920 1145 3991 inanis,

469 4024 652 4100 Grandiaqne
665 4022 768 4081 essoffis
781 4022 934 4081 mirabitur
946 4022 1003 4081 orsa
1017 4024 1160 4102 sepulcris.

507 4128 547 4185 Di
560 4127 645 4204 patrii
659 4126 814 4203 Indigetes,
827 4136 858 4184 et
869 4127 1001 4196 Romule,
1010 4128 1152 4204 Vestaque
1164 4140 1265 4204 mater,

470 4231 546 4288 Quae
556 4228 686 4286 Tuscum
697 4227 826 4285 Tiberim
839 4237 868 4285 et
883 4230 1013 4287 Romana
1025 4230 1131 4289 Palatia
1144 4231 1247 4306 servas,

469 4333 557 4390 Hunc
570 4330 669 4388 saltem
681 4329 778 4387 everso
786 4328 925 4405 juvenem
940 4330 1101 4390 succurrere
1114 4333 1195 4392 saeclo

469 4435 517 4493 Ne
529 4433 692 4511 prohibete!
715 4433 786 4490 Satis
795 4430 856 4508 jam
869 4433 980 4509 pridem
992 4434 1130 4511 sanguine
1142 4438 1237 4497 nostro

468 4537 689 4595 Laomedonteae
701 4536 807 4593 luimus
820 4535 944 4613 perjuria
956 4537 1059 4614 Trojae.

467 4640 534 4716 Jam
547 4638 659 4714 pridem
672 4637 753 4695 nobis
766 4638 831 4695 coeli
845 4646 874 4694 te
887 4638 976 4715 regia,
997 4640 1100 4711 Caesar,

467 4739 592 4810 Invidet,
600 4738 1082 4817 atquehominumquerimrcurare
1091 4742 1264 4823 triumphos:
