3492 6884
1028 1794 1245 1867 .v'.369.
1557 1804 1560 1807 ⁴
1666 1796 1991 1857 CIBIS.
2493 1792 2629 1866 '1⁸7

1095 1952 1202 2008 .At
1226 1949 1441 2019 nutrix,
1481 1951 1677 2027 patula
1701 1971 2027 2031 conponens
2051 1952 2267 2011 sulfura
2294 1950 2450 2021 testi,

1038 2049 1385 2120 Narciffum,
1402 2053 1762 2130 fafiamque,
1802 2055 2004 2113 herbas
2037 2055 2296 2113 incendit
2320 2052 2528 2112 olentis
2535 2075 2556 2123 ς

1040 2155 1271 2229 Terque
1296 2172 1517 2213 novena
1542 2155 1689 2231 ligat
1716 2157 1929 2233 triplici
1955 2156 2172 2214 diversa
2200 2157 2388 2214 colore

1042 2255 1196 2327 Fi1a;
1223 2264 1310 2313 ter
1329 2255 1391 2313 in
1416 2257 1701 2331 gremium
1727 2277 1974 2327 mecum,
1997 2257 2207 2333 inquit,
2233 2255 2443 2333 despue
2460 2256 2641 2333 virgo,

1042 2356 1273 2433 Despue
1299 2367 1404 2427 ter,
1431 2357 1620 2433 virgo:
1666 2378 1906 2417 numero
1932 2359 2069 2417 deus
2094 2359 2292 2435 inpare
2318 2358 2549 2434 gaudet.

1042 2460 1185 2516 lude
1212 2459 1342 2536 Jovi
1368 2458 1625 2536 geminat
1648 2479 1863 2537 magno
1888 2460 2164 2538 Stygialia
2192 2460 2362 2528 sacra,

1045 2562 1209 2618 Sacra
1236 2579 1342 2618 nec
1369 2561 1534 2618 Idaeis
1561 2561 1782 2631 auibus„
1822 2581 1929 2621 nec
1955 2561 2188 2639 cognita
2213 2561 2430 2620 Graiis:

1044 2663 1252 2739 Pergit,
1293 2663 1591 2739 Amyclaeo
1616 2665 1880 2741 spargens
1906 2664 2105 2723 altaria
2131 2663 2330 2732 thallo,

1047 2764 1220 2839 Regis
1246 2764 1503 2822 Iolciacis
1529 2765 1790 2823 animum
1814 2766 2066 2842 defigere
2089 2765 2253 2825 votis.

1033 2866 1284 2934 Verum,
1323 2866 1428 2924 ubi
1459 2866 1616 2924 nulla
1648 2878 1848 2925 movet
1875 2868 2128 2926 stabilem
2163 2866 2388 2925 fallacia
2413 2865 2644 2937 Nisum,

1048 2967 1179 3025 Nec
1204 2965 1429 3043 possunt
1453 2967 1733 3038 homines,
1775 2986 1883 3026 nec
1909 2970 2136 3045 possunt
2160 2969 2389 3026 flectere
2413 2967 2565 3040 divi3
2650 2947 2657 2953 ’

1043 3070 1234 3127 Tanta
1260 3068 1339 3125 est
1364 3068 1427 3125 in
1453 3088 1626 3146 parvo
1652 3070 1858 3127 fiducia
1879 3071 2036 3128 crine
2060 3069 2330 3127 cavendi!

1049 3170 1259 3229 Rursus
1286 3170 1358 3227 ad
1384 3169 1680 3246 inceptum
1706 3170 1916 3229 sociam
1943 3171 1999 3229 se
2023 3170 2284 3247 adjungit
2314 3170 2582 3239 alumrm,

1046 3276 1513 3351 Pus-puteumque
1539 3282 1701 3349 parat
1725 3276 1912 3333 rursus
1938 3274 2175 3332 tondere
2201 3272 2495 3349 capillum,

1048 3377 1202 3434 Cum
1225 3375 1402 3451 longo
1426 3375 1580 3449 quod
1597 3373 1721 3450 jam
1743 3386 1936 3452 captat
1960 3374 2282 3432 succurrere
2308 3374 2519 3433 amoriz

1045 3478 1186 3536 Non
1214 3477 1405 3535 minus
1439 3476 1540 3533 illa
1576 3484 1771 3534 tamen
1811 3476 2026 3545 revehi,
2065 3478 2217 3553 quod
2252 3476 2467 3535 moenia
2501 3469 2646 3535 cres·

1202 3589 1355 3649 cant,

1044 3683 1333 3742 Gaudeat:
1379 3693 1437 3741 et
1463 3681 1641 3739 cineri
1668 3680 1850 3758 patria
1876 3681 1955 3740 est
1970 3680 2224 3759 jucunda
2251 3682 2491 3760 sepulto.

1047 3789 1200 3863 Ergo
1225 3794 1383 3843 metu
1410 3784 1585 3861 capiti
1614 3784 1801 3860 Scylla
1826 3784 1905 3841 est
1932 3784 2166 3843 inimica
2192 3796 2450 3861 paterno.

1042 3889 1201 3946 Tum
1226 3906 1388 3945 coma
1415 3886 1646 3943 Sidonio
1671 3885 1878 3943 florens
1902 3885 2212 3943 succiditur
2234 3887 2398 3945 ostro.

1044 3991 1201 4048 Tum
1217 3989 1439 4066 capitur
1456 3989 1716 4065 Megara,
1738 3998 1799 4044 et
1816 3987 2015 4045 divum
2038 3988 2297 4065 responsa
2317 3990 2646 4065 probantur.

1046 4093 1221 4160 Tum,
1262 4090 1523 4169 suspensa
1550 4109 1698 4148 novo
1724 4089 1842 4147 ritu
1870 4090 1942 4147 de
1967 4091 2207 4148 navibus
2231 4090 2381 4159 altis,

1048 4196 1153 4253 Per
1179 4213 1334 4252 mare
1361 4192 1666 4250 caeruleum
1694 4191 1941 4249 trahitur
1967 4191 2166 4250 Nisei'a
2194 4192 2379 4270 virgo.

1049 4297 1365 4372 Conplures
1390 4295 1548 4352 illam
1577 4292 1871 4369 Nymphae
1896 4292 2178 4351 mirantur
2203 4293 2267 4352 in
2293 4293 2489 4366 undi23

1049 4399 1300 4456 Miratur
1324 4406 1486 4473 pater
1511 4395 1797 4463 Oceanus»,
1837 4401 1897 4452 et
1921 4394 2164 4452 candida
2188 4394 2432 4471 Tethys,

1050 4501 1127 4571 Et
1150 4499 1380 4575 cupidas
1405 4497 1596 4555 secum
1623 4495 1845 4571 rapiens
1870 4495 2110 4553 Galatea
2136 4494 2373 4566 sorores3

1047 4600 1153 4658 Illa
1179 4600 1374 4667 etiam,
1418 4597 1632 4674 junffis
1655 4614 1934 4672 magnum
1956 4615 2085 4671 quae
2110 4596 2356 4673 piscibus
2379 4614 2574 4673 equor

1051 4702 1130 4759 Et
1155 4700 1363 4779 glauco
1387 4699 1662 4775 bipedum
1688 4715 1861 4755 curru
1885 4698 2128 4756 metitur
2151 4716 2450 4775 equorum,
2557 4749 2580 4759 ..
2611 4749 2618 4756 .
