3492 6884
409 1779 517 1831 um.
714 1766 815 1825 LIB.
854 1763 894 1823 11.
1146 1780 1203 1831 225

409 1924 685 2002 Myrmidonumque
698 1921 790 1980 dolos:
813 1919 867 1977 fust
879 1939 931 1997 per
942 1922 1047 1982 moenia
1060 1925 1167 1986 Teucri

407 2029 593 2087 Conticuere:
615 2026 697 2103 sopor
710 2023 792 2083 seffos
802 2023 991 2100 conplectitur
1002 2038 1088 2085 artus.

444 2132 483 2189 Et
491 2129 553 2207 jam
566 2129 677 2207 Argiva
689 2128 815 2206 phalanx
824 2126 967 2186 instructis
980 2130 1099 2189 navibus
1112 2133 1193 2191 ibant

405 2236 435 2292 A
447 2235 576 2302 Tenedo,
598 2233 693 2292 tacitae
703 2250 755 2308 per
767 2230 859 2288 amica
876 2231 986 2289 silentia
998 2234 1084 2304 lunae,

406 2338 504 2395 Litora
518 2347 585 2395 nota
598 2346 711 2413 petens:
734 2334 864 2391 flammas
878 2353 968 2409 quum
981 2336 1061 2412 regia
1074 2338 1177 2414 puppis

406 2440 569 2510 Extulerat5
593 2438 717 2513 fatisque
731 2437 819 2494 debm
832 2437 965 2494 defensus
977 2437 1094 2515 iniquis,

405 2543 532 2601 Inclusos
544 2553 625 2599 utero
639 2540 753 2598 Danaos
765 2549 794 2596 et
807 2538 891 2615 pinea
904 2540 1007 2599 furtim

406 2647 498 2703 Laxat
510 2644 628 2703 claustra
642 2643 745 2701 Sinon:
767 2642 841 2712 illos,
854 2643 1020 2719 patesadlus
1034 2647 1070 2704 ad
1083 2665 1165 2705 auras

405 2747 512 2806 Reddit
523 2767 623 2824 equus,
642 2746 758 2822 laetique
770 2763 840 2802 caso
853 2744 882 2802 se
895 2749 995 2805 robore
1008 2760 1144 2824 promunt
1196 2789 1199 2796 ·

403 2851 595 2909 Tbeffandrus
608 2849 815 2924 Sthenelnsque
829 2849 924 2917 duces,
938 2860 968 2907 et
981 2852 1059 2909 dirus
1072 2854 1184 2922 Ulixes,

403 2953 563 3012 Demiffum
576 2953 644 3029 lapsi
654 2972 705 3029 per
716 2953 826 3024 sunem,
844 2954 1031 3030 Acamasque,
1040 2956 1202 3034 Thoasque,

404 3056 570 3132 Pelidesque
583 3055 800 3131 Neoptolemus,
821 3056 986 3132 primusque
999 3059 1154 3130 Machaon,

404 3159 443 3218 Et
456 3158 616 3224 Menelahs,
637 3168 666 3215 et
679 3157 738 3236 ipse
751 3158 809 3215 doli
824 3158 978 3216 fabricator
991 3161 1092 3237 Epeos.

403 3262 549 3322 Invadunt
561 3263 664 3319 urbem
676 3261 776 3319 somno
789 3260 914 3337 vinoque
928 3261 1082 3339 sepultarae

405 3365 564 3423 Caeduntnr
576 3363 686 3441 vigiles,
705 3363 850 3448 portisque
864 3366 1027 3440 patentibus
1040 3369 1134 3428 omnis
1184 3383 1187 3388 ’

403 3468 567 3544 Adcipiunt
578 3466 676 3535 socios,
695 3477 782 3541 atque
795 3467 911 3543 agmina
922 3469 1034 3529 conscia
1043 3469 1181 3550 jungunt.

441 3572 570 3647 Tempus
582 3579 652 3638 erat,
667 3589 726 3646 quo
738 3569 831 3646 prima
843 3569 924 3645 quies
937 3573 1104 3632 mortalibus
1117 3576 1201 3653 aegris

401 3673 518 3752 Incipit,
538 3683 567 3731 et
580 3674 655 3731 dono
666 3673 768 3730 divbm
778 3672 936 3755 gratiffima
948 3673 1049 3751 serpit:

402 3778 438 3836 Iu
451 3776 556 3835 somnis
569 3777 648 3834 ecce!
671 3785 738 3834 ante
750 3775 848 3833 oculos
862 3775 1050 3835 maestiffimns
1062 3779 1171 3841 trecor

323 3889 324 3893 ’
401 3880 487 3939 Visus
500 3880 591 3939 adeffe
603 3878 686 3946 mihi,
705 3879 856 3955 largosque
868 3878 1016 3939 effundere
1029 3883 1127 3956 fletum

402 3985 541 4061 Raptatus
554 3982 630 4059 bigis
643 3991 676 4040 nt
688 3983 844 4058 qnondam,
865 3994 982 4059 aterque
994 3998 1114 4046 cruento

402 4087 530 4155 Pulvere,
550 4104 656 4162 perque
669 4086 755 4162 pedes
768 4082 899 4162 trajeetus
911 4084 971 4143 lora
985 4090 1132 4151 tumentis.

402 4189 477 4247 Hei!
502 4188 583 4256 mihi,
604 4188 696 4264 qualis
709 4188 784 4246 erati
806 4198 948 4263 quantum
961 4200 1088 4251 mutatus
1101 4195 1202 4256 abillo

404 4292 538 4360 Hectore,
559 4291 610 4367 qni
624 4291 698 4350 redit
710 4292 828 4350 exuvias
841 4291 958 4350 indutus
971 4294 1091 4366 Achilli,
1139 4289 1150 4310 '

401 4395 457 4453 Vel
470 4395 605 4452 Danaam
619 4394 756 4471 Phrygios
764 4393 908 4470 jaculatus
920 4396 1064 4474 puppibus
1076 4399 1165 4476 ignisl

401 4497 585 4574 Squalentem
597 4499 724 4565 barbam,
744 4509 774 4556 et
786 4506 934 4555 concretos
947 4499 1084 4575 sanguine
1101 4503 1198 4572 crinis,

400 4600 582 4675 Vulneraque
592 4599 641 4657 illa
653 4617 762 4678 gerens,
772 4619 838 4676 quae
848 4600 958 4659 circum
968 4602 1092 4679 plurima
1101 4624 1198 4664 muros

401 4701 527 4779 Adoepit
538 4701 653 4780 paules.
693 4703 779 4761 Ultro
791 4702 864 4761 flens
876 4703 936 4781 ipse
948 4705 1064 4764 videbar

769 4816 792 4855 s
