3492 6884
469 1784 559 1849 v.71.
708 1773 934 1833 ECLOGA
972 1774 1057 1832 VIII.
1223 1780 1259 1832 31

470 1932 601 2011 Frigidus
613 1931 646 1990 in
658 1933 745 2009 pratis
757 1936 899 1994 cantando
911 1934 1054 2011 rumpitur
1066 1932 1176 2010 anguis.

448 2034 576 2095 Ducite
595 2036 632 2092 sb
652 2038 722 2093 urbe
746 2038 875 2105 domum,
901 2055 965 2094 mes
998 2035 1134 2103 canuins,
1168 2032 1264 2091 ducite

548 2136 695 2212 Daphnin.

470 2240 566 2298 Tema
579 2238 632 2296 tibi
645 2239 707 2296 haec
719 2238 854 2315 primurn,
866 2237 972 2315 triplici
991 2236 1099 2295 diversa
1111 2236 1214 2305 colore,

473 2340 554 2398 Licia
566 2339 731 2411 circumdo,
753 2352 851 2415 terque
861 2339 936 2396 hanc
949 2339 1048 2397 altaria
1061 2338 1169 2396 circum

474 2441 610 2518 Effigiem
624 2442 712 2512 duc03
736 2459 855 2498 numero
867 2442 937 2498 deus
949 2440 1047 2517 inpare
1060 2442 1175 2516 gaudet.

473 2544 580 2602 Ducite
605 2543 641 2600 ab
666 2545 736 2600 urbe
757 2543 885 2613 domurn,
911 2560 975 2599 mea
1000 2542 1135 2612 carmina,
1172 2540 1267 2598 ducite

551 2644 699 2721 Daphnin.

475 2745 568 2804 Necte
581 2746 672 2804 tribus
684 2746 767 2804 nodis
780 2754 884 2815 ternos,
903 2745 1056 2822 Amarylli
1075 2744 1195 2815 colores,

475 2847 576 2916 Necte,
596 2848 748 2925 Amarylli,
768 2850 868 2920 mod0;
890 2858 929 2919 et,
942 2848 1071 2916 Veneris,
1085 2848 1142 2918 dic,
1155 2846 1269 2905 vincula

553 2950 646 3010 necto.

475 3051 582 3109 Ducite
607 3052 644 3109 ab
669 3053 739 3109 urbe
764 3054 892 3120 domum,
919 3070 984 3109 mea
1007 3050 1144 3120 carmina,
1175 3051 1272 3108 ducite

553 3152 701 3229 Daphnin.

477 3253 578 3312 Limus
589 3263 623 3310 ut
635 3252 683 3311 hic
696 3253 828 3322 durescit,
848 3262 878 3310 et
887 3253 949 3311 haec
962 3263 996 3310 ut
1008 3272 1071 3311 cera
1084 3252 1225 3328 liquescit,

478 3356 547 3413 Uno
556 3354 713 3429 eodemque
724 3354 787 3429 igni
791 3379 800 3425 3
823 3354 859 3410 fic
871 3354 964 3411 nostro
976 3355 1105 3430 Daphnis
1132 3373 1238 3412 amore.

479 3456 585 3532 Sparge
598 3454 714 3523 molam,
722 3464 753 3510 et
761 3453 871 3529 fragilis
883 3454 1004 3511 incende
1016 3455 1159 3512 bitumine
1172 3455 1273 3513 lauros.

479 3558 611 3634 Daphnis
631 3575 678 3614 me
698 3555 789 3614 malus
809 3555 881 3612 urit:
902 3574 958 3633 ego
978 3555 1052 3613 hanc
1071 3556 1103 3613 in
1122 3557 1275 3634 Daphnida

556 3659 681 3717 laurum.

480 3757 586 3819 Ducite
612 3761 648 3818 ab
673 3759 744 3816 urbe
769 3758 897 3830 domum,
930 3776 994 3816 mea
1018 3759 1153 3829 carmina,
1182 3759 1279 3817 ducite

558 3859 706 3939 Daphnin.

480 3964 560 4023 Talis
572 3982 652 4021 amor
665 3960 812 4039 Daphnin,
826 3961 927 4038 qualis,
940 3981 1031 4037 quum
1044 3962 1111 4020 feffa
1120 3961 1277 4040 juvencum

480 4067 534 4125 Per
546 4082 661 4122 nemora
674 4071 760 4139 atque
773 4064 844 4120 altos
857 4065 1010 4138 quaerendo
1022 4065 1127 4123 bucula
1139 4066 1219 4123 lucos

482 4167 599 4244 Propter
611 4184 691 4240 aquae
704 4164 798 4221 rivum
812 4164 898 4220 viridi
910 4166 1072 4241 procumbit
1084 4167 1115 4223 in
1129 4168 1207 4238 ulvd,

484 4267 605 4336 Perdita,
625 4284 678 4323 nec
692 4264 759 4322 serae
772 4264 906 4322 meminit
917 4266 1052 4322 decedere
1065 4268 1159 4337 nocti3

484 4369 563 4428 Telis
576 4386 656 4426 amor
669 4373 774 4434 teneat,
795 4383 848 4423 nec
862 4366 895 4422 fit
908 4367 981 4424 rnihi
993 4386 1061 4425 cura
1074 4369 1192 4427 mederi.

485 4469 591 4529 Ducite
612 4469 649 4526 ab
674 4470 744 4524 urbe
769 4468 896 4539 domum,
925 4488 989 4525 mea
1013 4470 1149 4539 cannina,
1187 4472 1283 4530 ducite

564 4568 712 4646 Daphnin.

487 4671 548 4733 Has
560 4671 631 4733 olim
643 4669 760 4733 exuvias
772 4669 846 4731 mihi
858 4666 983 4748 pertidus
995 4671 1046 4730 itte
1058 4673 1184 4749 reliquit,
