3492 6884
515 1796 591 1848 224.
775 1780 1053 1859 AENEIDOS,
1203 1793 1312 1847 mu.

512 1941 634 2011 Taurus,
653 1951 683 2001 et
695 1943 834 2001 incertam
846 1944 965 2002 excuffit
976 1944 1087 2003 cervice
1099 1943 1231 2002 securim.

514 2048 557 2105 At
569 2046 679 2124 gemini
690 2046 770 2123 lapsu
784 2047 902 2104 delubra
914 2048 950 2106 ad
963 2047 1072 2106 summa
1084 2048 1220 2106 dracones

516 2149 678 2227 Effugiunt‚
699 2149 835 2226 saevaeque
847 2161 950 2226 petunt
960 2150 1119 2209 Tritonidis
1131 2169 1240 2222 arcem;
1322 2186 1324 2189 ·

516 2253 575 2310 Sub
587 2253 763 2330 pedibusque
776 2256 844 2325 dese,
858 2254 1001 2332 clipeique
1010 2254 1063 2311 sub
1073 2255 1151 2326 orbe,
1165 2262 1313 2331 teguntur.
1346 2269 1351 2277 ·

516 2356 595 2414 Tum
608 2375 674 2416 vero
688 2357 851 2416 tremesadtn
864 2375 955 2415 novus
967 2375 1018 2432 per
1030 2358 1142 2434 pestora
1156 2357 1266 2416 condis

517 2460 646 2519 Insrnuat
659 2478 745 2537 pavor
750 2485 759 2532 3
779 2471 809 2518 et
822 2459 913 2517 scelus
924 2460 1087 2536 expendisse
1098 2472 1256 2519 merentem

519 2563 680 2622 Laocoonta
694 2564 800 2634 ferunt,
821 2562 932 2621 sacrum
944 2563 995 2640 qui
1007 2563 1124 2641 cuspide
1136 2566 1222 2622 robur

520 2666 646 2733 Laeserit,
664 2675 694 2723 et
707 2675 789 2743 tergo
801 2665 966 2725 sceleratam
978 2667 1120 2725 intorserit
1130 2667 1248 2726 hastam.

519 2769 694 2827 Ducendum
707 2770 742 2827 ad
759 2769 838 2828 sedes
852 2770 1043 2840 fimulacrum,
1062 2765 1225 2846 orandaque
1241 2769 1316 2828 dtvae

519 2871 651 2930 Numina
663 2872 852 2932 conclamant.

558 2974 723 3034 Dividimus
736 2995 840 3044 muros,
859 2986 890 3034 et
902 2975 1009 3034 moenia
1023 2975 1177 3053 pandimus
1188 2976 1276 3036 urbis.

519 3078 691 3155 Adcingunt
703 3096 801 3137 omnes
817 3081 906 3157 operi,
925 3079 1100 3156 pedibusque
1113 3088 1240 3138 rotarum
1320 3072 1323 3080 '

521 3181 683 3260 subjiciunt
695 3183 797 3261 lapsus,
817 3193 847 3240 et
859 3183 975 3259 stuppea
986 3181 1100 3239 vincula
1114 3181 1189 3239 collo

521 3287 690 3345 Intendunt.
731 3286 848 3345 Scandit
860 3286 955 3345 fatalis
967 3285 1100 3343 machina
1113 3303 1218 3354 muros,
1313 3291 1315 3295 '

522 3390 590 3448 Feta
603 3390 697 3448 armis.
738 3391 820 3448 Pueri
833 3390 952 3460 circum,
972 3388 1160 3465 innuptaeque
1172 3388 1285 3465 puellae,

521 3494 603 3551 Sacra
611 3504 727 3563 canunt,
737 3494 895 3569 funemque
905 3511 992 3550 manu
1003 3492 1171 3568 contingere
1181 3494 1317 3568 gaudent.

519 3597 572 3654 Illa
586 3596 670 3665 subit,
690 3597 849 3673 mediaeque
862 3596 975 3653 minans
987 3594 1124 3652 inlabitur
1136 3595 1213 3652 urbi.

561 3701 589 3758 Ο
598 3701 703 3777 patria!
718 3721 736 3758 o
745 3701 848 3759 divum
859 3701 961 3757 domus
969 3699 1069 3756 Hiuml
1085 3707 1114 3755 et
1124 3698 1233 3757 incluta
1244 3699 1319 3757 bello

521 3797 633 3861 Moenia
646 3805 859 3862 Dardanidum!
881 3812 983 3878 quater
999 3802 1060 3878 ipso
1073 3803 1103 3859 in
1116 3801 1218 3860 limine
1230 3813 1319 3880 portae

443 3942 446 3947 ·
522 3907 662 3977 Substitit,
675 3918 762 3983 atque
774 3916 856 3964 utero
868 3905 994 3963 sonitum
1004 3914 1104 3981 quater
1114 3924 1192 3963 anna
1205 3907 1317 3965 dedere.

522 4010 661 4067 Inliamus
673 4021 770 4067 tamen
784 4010 963 4077 inmemores,
984 4008 1108 4083 caecique
1121 4007 1226 4081 surore,

523 4112 561 4169 Et
574 4113 729 4168 monstrum
742 4112 845 4170 infelix
858 4112 965 4169 sacrata
978 4111 1096 4169 svliimus
1109 4131 1182 4172 arce.

561 4215 648 4273 Tunc
661 4214 748 4271 etiam
761 4213 827 4271 fatis
840 4215 931 4291 aperit
944 4214 1096 4272 Cassandra
1110 4215 1216 4272 suturis

525 4319 594 4387 Ora,
614 4317 661 4375 dei
670 4316 745 4393 jussu
760 4335 817 4375 non
832 4337 969 4394 umquam
982 4318 1090 4375 credita
1102 4319 1231 4376 Teucris.

523 4421 586 4478 Nos
599 4419 716 4478 delubra
729 4420 816 4477 deum
828 4419 931 4489 miseri,
951 4419 1056 4495 quibus
1068 4420 1188 4478 ultimus
1200 4420 1269 4478 effet
1308 4496 1310 4501 Ι

523 4523 577 4580 Ille
590 4523 659 4590 dies,
680 4522 749 4579 festt
761 4521 889 4578 velamus
902 4521 1003 4578 sronde
1015 4539 1066 4596 per
1078 4522 1188 4578 urbem.

524 4626 655 4683 Vertitur
668 4626 776 4684 interea
789 4624 905 4692 coelum,
925 4633 954 4681 et
966 4624 1025 4681 ruit
1042 4643 1150 4682 oceano
1163 4624 1242 4695 Nox,
1345 4666 1351 4682 .

522 4727 675 4788 Involvens
688 4728 789 4787 umbra
801 4726 908 4803 magns
920 4735 1089 4802 terramque,
1108 4725 1271 4803 polumque,
1361 4799 1366 4807 Ι
