3492 6884
524 1762 603 1824 Μ’
784 1762 1063 1835 AENEIDOS,
1214 1775 1326 1834 VAS&

522 1920 610 1997 Signa
624 1919 678 1979 tibi
691 1921 803 1993 dicam3
825 1925 858 1979 tu
871 1921 988 1981 condita
1001 1929 1100 1982 mente
1112 1928 1220 1985 teneto.

522 2025 624 2083 Quum
639 2024 693 2081 tibi
707 2023 837 2093 sollicito,
857 2024 958 2083 secreti
971 2026 1008 2083 ad
1025 2025 1153 2084 fluminis
1165 2028 1282 2099 undam,

520 2127 643 2186 Litoreis
656 2127 759 2203 ingens
771 2128 889 2185 inventa
902 2126 954 2185 sub
965 2127 1079 2187 ilicibus
1091 2128 1146 2198 sus,

518 2229 653 2307 Triginta
667 2230 795 2307 capitum
808 2230 885 2287 setus
897 2229 992 2299 enixa,
1009 2228 1128 2307 jacebit,

517 2332 605 2401 Alba,
624 2332 683 2390 solo
697 2334 843 2400 recubans,
864 2332 923 2390 albi
936 2332 1046 2390 circum
1059 2335 1150 2393 ubera
1161 2334 1222 2393 nati
1230 2361 1239 2406 ς
1300 2347 1302 2352 ’
1355 2385 1372 2416 ,

517 2435 546 2493 Is
558 2436 638 2494 locus
650 2436 728 2494 urbis
741 2435 804 2504 erit,
823 2434 936 2511 requies
949 2453 983 2493 ea
996 2444 1074 2494 certa
1086 2436 1226 2497 laborum.

516 2539 583 2598 Nec
596 2548 628 2597 tu
642 2536 803 2596 mensarum
818 2535 927 2595 morsus
939 2537 1069 2596 horresce
1082 2539 1194 2598 futuros
1201 2565 1210 2611 5

515 2641 585 2701 Fata
598 2641 676 2700 viam
690 2640 850 2709 invenient,
870 2640 1019 2717 aderitque
1031 2651 1148 2701 vocatus
1160 2646 1278 2723 Apollo.

403 2726 406 2730 ⁴
514 2744 577 2804 Has
590 2753 686 2801 autem
701 2754 798 2812 terras,
817 2742 943 2819 Italique
955 2742 1031 2801 hanc
1043 2743 1135 2803 litoris
1148 2764 1237 2819 oram,

514 2846 647 2907 Proxima
658 2865 724 2922 quae
737 2845 824 2903 nostri
835 2845 1019 2923 perfunditur
1031 2847 1153 2923 equoris
1165 2850 1243 2919 aestu,

492 3022 496 3028 Ι
513 2948 633 3026 Effuge:
655 2949 758 3007 euntia
772 2948 854 3007 malis
867 2947 1035 3006 habitantur
1051 2950 1159 3008 moenia
1172 2951 1275 3013 Graiis.

511 3052 571 3112 Hic
585 3062 614 3110 et
628 3049 749 3127 Narycii
761 3050 918 3128 posuerunt
930 3051 1037 3109 moeuia
1052 3052 1146 3124 Locri,

386 3222 389 3227 ¹
511 3156 549 3214 Et
563 3153 734 3213 Sallentinos
746 3153 857 3211 obsedit
870 3153 964 3211 milite
976 3172 1092 3230 campos

510 3259 628 3337 Lyctius
642 3259 827 3316 Idomeneus:
850 3256 899 3314 hic
911 3256 963 3315 illa
975 3257 1056 3316 ducis
1069 3259 1203 3319 Meliboei

509 3364 598 3423 Parva
613 3361 776 3420 Philoctetae
789 3359 910 3419 subnixa
924 3361 1030 3419 Petelia
1043 3380 1136 3421 muro.

510 3465 602 3533 Quin,
614 3464 665 3522 ubi
676 3462 841 3521 transmisse
853 3463 981 3522 steterint
992 3473 1069 3523 trans
1080 3484 1193 3542 aequora
1203 3467 1310 3540 classen,

506 3569 545 3627 Et
559 3568 655 3644 posuis
669 3568 723 3625 aris
732 3566 794 3643 jam
807 3576 873 3624 vota
886 3566 918 3625 in
932 3567 1014 3624 litore
1027 3566 1127 3638 solves,

505 3673 652 3748 Purpureo
664 3670 758 3727 velare
771 3688 867 3728 comas
880 3670 1031 3746 adopertus
1044 3670 1151 3729 amislu
1157 3697 1166 3743 ;
1192 3656 1196 3666 ¹

503 3775 553 3833 Ne
566 3773 711 3851 quainter
725 3772 833 3830 sanetos
846 3771 923 3848 ignis
936 3772 967 3829 in
981 3771 1088 3830 honore
1101 3775 1220 3834 deorum

502 3877 623 3935 Hostilis
636 3876 722 3935 facies
734 3885 874 3942 occurrat,
894 3886 924 3933 et
936 3876 1034 3935 omina
1050 3881 1155 3938 turbet.

501 3981 592 4038 Hunc
606 3979 673 4036 socii
686 3998 796 4036 morem
810 3977 962 4048 sacrorum,
983 3978 1062 4038 hunc
1075 3980 1136 4059 ipse
1151 3992 1248 4043 teneto
1252 4009 1262 4057 3

402 4063 405 4072 ¹
500 4084 566 4141 Hac
579 4082 644 4139 casti
659 4091 794 4138 maneant
807 4081 838 4137 in
851 4080 992 4157 religione
1005 4093 1131 4159 nepotes.

499 4185 562 4254 Ast,
583 4184 633 4241 ubi
647 4182 801 4259 digressum
815 4183 918 4241 Siculae
932 4193 960 4240 te
974 4186 1137 4245 admoverit
1149 4207 1207 4246 orae
1320 4176 1322 4180 ’

498 4289 622 4356 Ventus,
642 4295 672 4342 et
684 4284 796 4361 angusti
811 4283 951 4342 rarescent
964 4287 1082 4345 claustra
1096 4288 1198 4365 Pelori,

498 4391 584 4450 Laeva
599 4387 652 4447 tibi
666 4387 759 4455 tellus,
779 4395 809 4443 et
822 4387 910 4462 longo
923 4387 994 4445 laeva
1009 4399 1145 4465 petantur

384 4535 387 4540 1
497 4493 629 4569 AEquora
643 4490 778 4549 circuitu:
801 4490 936 4547 dextrum
949 4490 1019 4568 fuge
1036 4491 1115 4563 litus,
1135 4502 1165 4551 et
1178 4495 1280 4558 undas.

495 4596 569 4656 Haec
583 4596 654 4664 loca,
674 4594 704 4653 vi
717 4592 864 4670 quondam
878 4601 907 4649 et
920 4594 995 4650 vasta
1009 4594 1141 4653 convolsa
1154 4597 1249 4673 ruini,
1303 4631 1305 4636 ·

493 4699 623 4758 Tantum
636 4698 691 4758 aevi
702 4696 861 4774 longinqua
874 4696 951 4753 valet
964 4706 1075 4756 mutare
1087 4700 1222 4759 vetustas!
