3492 6884
508 1752 552 1825 7⁶
743 1753 1073 1825 GEOBGICON,
1193 1761 1304 1829 mnu.

509 1907 1133 1989 orcinaexatusmpauuntmoniapinu

509 2012 590 2071 Hine
601 2014 695 2071 annis
707 2014 788 2091 largo
799 2015 930 2091 pubescit
940 2015 1024 2072 vinee
1037 2014 1116 2083 setu;

508 2115 691 2192 Conpleutur
702 2117 846 2194 ralleeque
857 2136 934 2176 ατε
947 2116 1089 2193 filtusque
1101 2114 1248 2191 profundi,

509 2218 547 2276 Et
559 2237 741 2296 quocumque
753 2220 823 2277 deus
834 2220 945 2278 circum
957 2229 1045 2295 oepnt
1056 2216 1120 2294 egit
1131 2216 1292 2276 honestum.

508 2322 586 2398 Ergo
598 2322 653 2381 rite
665 2323 749 2381 suum
761 2315 1014 2382 Baccbo’dioanus
1024 2321 1164 2379 bonorem

508 2424 694 2483 Carminibus
705 2426 815 2502 patriis,
835 2426 985 2500 lanoeeqne
998 2432 1028 2481 et
1041 2424 1100 2482 liba
1112 2424 1251 2494 feretum

494 2524 547 2582 -Et
559 2525 659 2583 duetus
672 2545 762 2583 oornu
773 2525 857 2583 flabit
869 2525 947 2585 sacer
958 2526 1100 2583 hioeusad
1112 2543 1200 2593 aram,

507 2626 686 2705 Pinguiaque
698 2627 729 2685 in
742 2627 856 2686 veribus
871 2627 1043 2686 torrebimus
1055 2636 1123 2685 exta
1135 2626 1270 2684 columis.

545 2730 595 2787 Ed
605 2730 692 2788 etiam
704 2729 755 2787 ille
767 2731 848 2788 labor
859 2730 992 2788 curandis
1003 2730 1111 2787 vitibus
1122 2729 1204 2797 alter,

507 2830 565 2889 Cui
585 2850 745 2908 numquam
764 2832 894 2890 exhausti
913 2831 980 2890 satis
997 2832 1052 2890 est:
1074 2849 1198 2907 namque
1215 2849 1301 2889 omne

583 2945 655 3009 quot
666 2935 749 2992 aunie
852 2927 855 2932 ’

504 3036 620 3113 Terque
641 3048 799 3115 quaterque
822 3037 914 3095 solum
936 3036 1134 3109 scindendum,
1160 3037 1300 3113 glebaque

582 3138 666 3196 vertis

504 3241 662 3298 AEternum
674 3240 831 3318 frangenda
844 3240 1009 3299 bidentibus
1014 3266 1023 3313 3
1043 3259 1129 3299 omne
1146 3240 1299 3299 levandum

504 3342 615 3400 Fronde
622 3360 736 3400 nemus:
748 3342 823 3401 redit
830 3342 960 3419 agricolis
972 3342 1052 3401 labor
1061 3343 1139 3406 atius
1148 3342 1180 3400 in
1189 3344 1299 3414 orbem,

502 3446 603 3521 Atque
616 3444 647 3503 in
660 3445 690 3502 se
702 3444 752 3503 sua
763 3463 815 3521 per
827 3444 944 3522 vestigia
956 3444 1081 3503 volvitur
1093 3463 1194 3502 annus.

503 3546 549 3603 Ac
557 3544 619 3622 jam
632 3546 712 3616 olim,
731 3546 804 3605 seras
815 3546 913 3625 posuit
924 3565 1015 3623 quum
1027 3546 1111 3608 uinta
1124 3546 1243 3615 frondis,

503 3647 633 3724 Frigidus
643 3657 675 3706 et
688 3648 762 3707 filvis
774 3649 884 3725 Aquilo
897 3648 1015 3707 decuffit
1027 3648 1178 3719 honorem

500 3750 568 3827 Jam
580 3758 643 3808 tum
655 3769 720 3808 aoer
731 3770 812 3809 curas
823 3751 988 3809 venientem
1001 3751 1133 3809 extendit
1144 3751 1176 3809 in
1187 3770 1296 3810 aunum

501 3850 640 3920 numeru,
659 3862 689 3908 et
701 3871 787 3909 curvo
800 3852 915 3909 Saturni
927 3853 1013 3910 dente
1025 3851 1153 3910 relidam

500 3951 680 4027 Persequitur
691 3952 783 4010 vitem
795 3954 963 4021 adtondent,
982 3953 1125 4031 fingitque
1137 3955 1274 4032 putando.

500 4053 610 4111 Primus
623 4053 745 4111 humum
758 4053 863 4124 fodito,
884 4055 993 4132 primus
1005 4057 1123 4115 deve&
1136 4067 1263 4116 cremato

499 4156 655 4225 Sannenta,
675 4166 706 4212 et
718 4156 805 4213 vallos
818 4156 926 4233 primus
938 4156 991 4215 sub
1004 4158 1078 4216 teda
1091 4158 1210 4230 resert03

498 4255 655 4314 Postremus
667 4258 784 4315 metito:
806 4258 850 4316 bia
862 4258 970 4318 vitibus
982 4258 1093 4336 ingruit
1105 4262 1206 4319 umbra
1213 4285 1222 4333 ς

497 4358 545 4417 Bis
558 4358 684 4437 segetem
696 4360 786 4417 denfis
798 4362 947 4419 obducunt
960 4360 1086 4420 sentibus
1098 4362 1203 4421 herbae.

497 4461 594 4520 Durus
604 4472 725 4537 uterque
736 4463 824 4521 labor.
866 4464 995 4522 Laudato
1007 4464 1137 4541 ingentia
1150 4484 1230 4523 rura:

495 4562 642 4643 Exiguum
654 4564 751 4623 nolito.
790 4564 855 4624 Noc
868 4583 925 4624 non
939 4566 1027 4625 etiam
1040 4565 1135 4644 aspera
1149 4565 1223 4625 rusoi

495 4667 612 4726 Vimine
624 4686 676 4747 per
689 4667 796 4741 silvam,
815 4680 845 4727 et
858 4667 926 4745 n‘pis
939 4667 1062 4726 fluvialia
1074 4669 1184 4727 mundo
