3492 6884
458 1793 563 1845 utta.
751 1788 850 1847 ΗΒ.
891 1790 915 1846 1.
1198 1796 1255 1848 201

460 1941 585 2000 Cernere
597 1959 634 2000 ne
646 1940 712 2019 quis
723 1959 780 2013 eos,
801 1963 858 2003 neu
870 1944 936 2022 quis
948 1943 1115 2022 contingere
1127 1943 1227 2022 posset,

460 2043 597 2103 Molirive
610 2063 728 2114 moram,
748 2054 799 2104 aut
811 2046 946 2105 veniendi
958 2046 1072 2125 poscere
1085 2045 1201 2108 caussas.

459 2146 523 2224 Ipsa
536 2147 666 2224 Paphum
679 2147 809 2206 sublimis
821 2149 891 2217 abit,
911 2149 1044 2225 sedesque
1057 2148 1152 2207 revisit

459 2251 539 2310 Laeta
553 2249 629 2308 suas:
652 2250 703 2308 ubi
717 2252 857 2328 templum
870 2251 925 2320 illi,
944 2262 1118 2327 uentumque
1130 2252 1229 2309 Sabaeo

459 2352 538 2411 Ture
551 2353 646 2410 calent
657 2371 723 2422 arae,
743 2352 880 2429 sertisque
893 2353 1054 2411 recentibus
1067 2353 1176 2412 balant.

500 2454 676 2531 Conripuere
688 2455 766 2513 viam
782 2454 903 2524 interea,
922 2455 979 2532 qud
992 2455 1092 2513 semita
1105 2455 1258 2528 monstram

460 2559 584 2635 Jamque
595 2557 805 2616 adscendebant
817 2557 930 2626 collem,
949 2557 1001 2634 qui
1013 2557 1155 2634 plurimus
1168 2558 1235 2618 urbi

460 2659 598 2729 Inminet,
618 2658 805 2736 adversasque
817 2658 959 2737 adspet‘lat
973 2659 1091 2737 desuper
1103 2678 1190 2718 arces.
1283 2740 1285 2745 Ι

461 2761 587 2819 Miratur
599 2761 706 2819 molem
719 2761 837 2830 AEnms,
856 2761 981 2840 magalia
992 2763 1153 2837 quondam

460 2863 586 2922 Miratur
603 2873 707 2940 portas,
726 2863 942 2940 strepitumque,
960 2874 990 2922 et
1003 2864 1086 2924 strata
1099 2866 1220 2927 viarum.

460 2966 569 3023 Instant
581 2965 711 3023 ardentes
723 2965 819 3041 Tyrii:
841 2985 905 3041 pars
917 2966 1021 3024 ducere
1033 2985 1138 3035 muros,

433 3084 443 3104 ·
461 3066 620 3144 Molirique
633 3086 736 3136 arcem,
755 3075 786 3125 et
799 3068 931 3125 matribus
944 3067 1108 3126 subvolvere
1121 3069 1201 3128 saxna

462 3173 528 3229 Pars
539 3179 638 3246 optare
651 3169 747 3226 locum
760 3169 844 3236 tecto,
864 3182 895 3226 et
907 3170 1077 3227 concludere
1090 3170 1177 3230 sulco.

463 3274 533 3350 Jura
545 3270 782 3347 magistratusque
793 3269 906 3346 legunt,
924 3270 1109 3348 sanctumque
1121 3271 1260 3333 senatum.

462 3374 522 3434 Hic
534 3383 631 3451 portus
644 3372 694 3430 alii
706 3370 859 3429 effodiunt:
882 3372 931 3430 bic
944 3372 1001 3431 alta
1015 3373 1133 3432 theatris

462 3477 661 3534 Fundamenta
673 3474 770 3531 locant
782 3473 842 3542 alii,
861 3473 1042 3550 inmaniaque
1055 3477 1203 3535 columnas

463 3577 594 3654 Rupibus
605 3575 753 3645 excidunt,
773 3574 862 3633 scenis
875 3577 977 3634 decora
990 3577 1048 3635 alta
1060 3578 1173 3639 suturis.

464 3680 568 3740 Qualis
581 3698 647 3757 apes
660 3679 754 3736 aetnte
768 3679 840 3737 nord
852 3699 904 3757 per
916 3680 1002 3739 florus
1015 3700 1080 3740 rura

463 3785 585 3842 Exercet
599 3781 650 3839 sub
664 3780 720 3838 sole
733 3781 813 3838 labor
818 3806 827 3852 3
848 3801 939 3857 quum
953 3783 1047 3860 gentis
1060 3786 1171 3844 adultos

425 3921 429 3927 ·
463 3886 598 3944 Educunt
610 3883 695 3951 setus,
715 3892 765 3940 aut
777 3902 868 3960 quum
881 3883 1020 3960 liquentia
1033 3887 1118 3946 mella

463 3989 585 4065 Stipant,
604 3995 635 4043 et
648 3986 725 4043 dulci
737 3985 902 4044 distendunt
915 3987 1027 4046 nectare
1040 3991 1138 4049 cellas:

464 4092 528 4148 Aut
540 4107 626 4147 onera
639 4086 789 4164 excipiunt
801 4088 980 4161 venientum,
997 4103 1047 4150 aut
1059 4093 1175 4170 agmine
1186 4094 1262 4156 sado

464 4194 606 4270 Ignavum
616 4190 699 4248 fucos
711 4209 796 4267 pecus
809 4209 826 4248 a
838 4191 1009 4269 praesepibus
1022 4207 1134 4254 arcent:

463 4296 566 4353 Fervet
577 4311 657 4370 opus,
677 4292 862 4369 redolentque
877 4293 978 4370 tbymo
995 4296 1152 4374 fragrantia
1164 4301 1260 4361 mella.

464 4397 494 4456 0
506 4394 663 4455 sortumtil
683 4412 805 4470 qnorum
813 4393 874 4472 jam
887 4396 994 4455 moeuia
1007 4398 1137 4477 surgunt,

465 4501 573 4558 AEneas
585 4496 640 4569 ait3
661 4505 692 4554 et
705 4495 818 4572 fastigia
831 4495 947 4574 suspicit
959 4500 1047 4558 urbis.

464 4600 558 4659 lusert
570 4598 600 4657 se
611 4598 714 4676 saeptus
726 4597 831 4655 nebula
845 4599 990 4674 (mirabile
1002 4603 1095 4674 didu)

465 4705 518 4762 Per
529 4700 647 4774 medios,
665 4698 822 4775 miscetque
834 4700 918 4775 viris3
942 4720 1035 4781 neque
1047 4704 1175 4767 cernitur
1186 4706 1249 4770 ulli.
