3492 6884
517 1756 622 1817 maoz.
830 1760 930 1818 LIB.
969 1760 1025 1817 111.
1259 1755 1315 1816 261

517 1912 587 1971 Fare
604 1932 658 1990 age
679 1922 817 1990 (namque
834 1934 950 1972 ornnem
964 1914 1078 1973 cursum
1096 1912 1171 1974 mihi
1187 1913 1318 1989 prospero

595 2015 672 2073 dixit
1006 2011 1011 2020 ’

518 2116 641 2194 Religio,
662 2128 691 2176 et
704 2118 800 2177 cuncii
814 2118 960 2176 suaserunt
973 2119 1092 2176 numine
1105 2117 1166 2176 divi

517 2221 633 2278 Italiam
646 2232 753 2297 petere,
774 2231 804 2278 et
817 2231 905 2279 terras
918 2232 1028 2278 tentare
1042 2222 1176 2297 repostas:

517 2323 582 2381 Sola
597 2342 714 2390 novum,
734 2322 871 2399 diffluque
886 2324 976 2390 nefas,
996 2324 1124 2398 Harpyia
1137 2322 1255 2380 Celaeno

517 2424 685 2501 Prodigium
698 2425 786 2494 canit,
806 2438 836 2482 et
849 2425 933 2483 tristis
946 2426 1098 2484 denuntiat
1111 2425 1176 2494 iras,

516 2526 738 2603 Obscenamque
750 2527 871 2602 famem)
887 2548 952 2603 qnae
964 2528 1056 2605 prima
1071 2527 1196 2605 pericula
1209 2525 1285 2596 vito;

518 2630 636 2688 Quidve
650 2629 770 2706 sequens
783 2640 878 2688 tantos
892 2630 993 2707 poffirn
1007 2630 1139 2707 superare
1153 2632 1279 2689 labores?

555 2734 615 2792 Hic
629 2735 768 2803 Helenus,
788 2734 864 2792 caesrs
882 2735 1008 2812 primum
1021 2735 1057 2792 de
1071 2753 1150 2791 more
1159 2732 1301 2810 juvencis,
1340 2725 1346 2737 '

515 2838 623 2897 Exorat
635 2856 735 2913 pacem
748 2837 856 2907 divom,
877 2836 1022 2913 vittasque
1034 2836 1150 2894 resolvit

515 2939 623 3003 Sacrati
635 2938 747 3016 capitis,
768 2957 872 3016 meque
885 2938 921 2997 ad
935 2949 984 2998 tun
998 2938 1110 3009 limina,
1131 2938 1247 3008 Phoebe,

516 3043 580 3120 Ipse
592 3060 690 3110 manu,
710 3041 804 3099 multo
817 3040 983 3119 suspensum
997 3042 1125 3110 numine,
1145 3042 1242 3112 ducit,

516 3147 615 3221 Atque
629 3144 690 3202 haec‘
704 3143 809 3201 deinde
824 3142 903 3201 canit
915 3144 1017 3202 divino
1030 3164 1066 3203 ex
1079 3163 1127 3203 ore
1141 3143 1283 3202 sacerdos:

555 3248 633 3306 Nate
645 3247 709 3317 deu,
729 3265 798 3305 nam
811 3255 840 3304 te
854 3245 1008 3324 majoribus
1022 3247 1063 3305 ire
1077 3266 1127 3323 per
1138 3247 1232 3305 altum

515 3348 661 3426 Auspiciis
673 3348 822 3406 manifesta
835 3349 919 3408 fides:
942 3349 980 3408 sic
992 3350 1051 3408 sata
1065 3351 1153 3407 deum
1167 3369 1219 3408 rex

516 3451 649 3521 Sortitur,
669 3451 815 3527 volvitque
829 3452 920 3521 vices3
942 3451 966 3510 is
981 3453 1101 3510 vertitur
1113 3453 1199 3513 ordo:

515 3555 608 3612 Pauca
622 3552 676 3610 tibi
688 3573 705 3611 e
718 3553 826 3623 multis,
847 3573 906 3629 quo
920 3554 1010 3612 tutior
1023 3553 1133 3632 hospita
1147 3555 1244 3614 lustres

515 3656 656 3732 AEquora,
675 3664 706 3713 et
718 3655 847 3713 Ausonio
860 3656 943 3733 poffis
955 3658 1100 3715 oonsrdere
1113 3666 1207 3734 portu,

515 3758 675 3835 Expediam
689 3758 786 3829 diuis,
808 3759 961 3835 prohibent
975 3778 1043 3816 nam
1056 3769 1148 3818 cetera
1163 3761 1256 3817 Parcae

515 3861 602 3928 Scire,
623 3860 769 3928 Helenum
783 3860 895 3937 farique
908 3872 986 3920 vetat
999 3861 1131 3919 Saturnia
1142 3863 1230 3940 Juno.

554 3962 708 4040 Principio,
729 3962 853 4033 Italiam,
881 3983 969 4039 quarn
989 3975 1022 4022 tu
1037 3962 1099 4041 jam
1118 3984 1180 4023 rere
1200 3963 1317 4043 propin·

632 4084 730 4141 quam,
1176 4144 1180 4152 Ι
1308 4060 1311 4064 ’

514 4167 701 4243 Vicinosque,
720 4166 832 4242 ignare,
852 4184 933 4242 paras
945 4167 1081 4226 invadere
1094 4177 1203 4245 portus,

514 4270 616 4347 longa
629 4268 728 4346 procul
741 4267 836 4345 longis
849 4268 896 4326 via
909 4268 1011 4326 dividit
1023 4268 1103 4327 invia
1117 4271 1207 4329 terris.

514 4375 595 4432 Ante
607 4382 637 4430 et
648 4371 798 4435 Trinacrii
811 4371 963 4429 lentandus
976 4390 1070 4429 remus
1083 4373 1113 4430 in
1127 4374 1215 4441 undu,

514 4476 553 4533 Et
564 4474 630 4536 faiis
644 4472 767 4534 Ausonii
779 4472 957 4541 lustrandum
971 4475 1089 4532 navibus
1100 4494 1207 4551 aeqnor,

514 4574 684 4651 Inferniqne
696 4575 785 4647 lacus,
806 4576 956 4650 AEaeaeque
968 4574 1061 4635 insuia
1074 4576 1177 4650 Circae,

516 4680 616 4739 Quam
629 4679 692 4737 tuta
704 4679 788 4757 poffis
802 4679 904 4737 urbem
916 4697 1076 4756 conponere
1089 4680 1173 4744 terra.
