3492 6884
518 1814 575 1875 106
747 1812 1074 1882 unonelcolu
1217 1829 1247 1871 v.
1262 1816 1308 1870 14.

515 1967 697 2047 linguibuaa
707 1969 829 2040 stabulis,
837 1987 1030 2047 meropesque,
1041 1967 1162 2044 aliaeque
1169 1966 1309 2037 volueret,

516 2072 553 2130 Et
566 2071 698 2130 manibus
711 2074 816 2131 Ptocne
828 2072 925 2149 peetus
938 2072 1046 2149 (ignata
1058 2068 1191 2128 ementis.

515 2167 623 2233 Omnia
635 2193 703 2233 nam
716 2176 772 2234 late
784 2174 902 2243 vastant,
920 2173 1049 2251 iptaaqae
1060 2170 1183 2230 volanti·

515 2274 576 2334 Ore
588 2276 686 2335 ferunt
698 2277 812 2336 dulcem
824 2276 900 2335 nidis
911 2274 1062 2333 inmitibus
1074 2273 1176 2331 escam.

516 2379 559 2439 At
572 2379 674 2456 liquidi
686 2380 780 2439 fontea
792 2390 822 2438 et
833 2377 930 2457 stagna
941 2377 1064 2437 virentia
1075 2376 1175 2436 museo
1261 2409 1264 2415 ·

516 2481 630 2552 Adfint,
648 2491 678 2540 et
692 2481 794 2551 tenuis,
813 2481 928 2558 fugiens
940 2498 991 2557 per
1002 2478 1141 2557 gramina,
1159 2476 1249 2547 rivua3

517 2581 671 2659 Palmaque
683 2582 862 2654 vestibulum,
884 2591 936 2640 aut
950 2582 1052 2660 ingena
1069 2580 1194 2651 oleaster,
1213 2578 1310 2638 inum·

594 2686 672 2742 bret:

517 2787 570 2857 Ut,
590 2805 680 2863 quum
692 2784 786 2862 prima
798 2782 865 2843 novi
878 2786 985 2844 ducent
996 2783 1129 2843 examina
1141 2801 1222 2860 reget

516 2888 592 2946 Vere
605 2886 664 2956 suo,
683 2887 821 2964 ludetque
833 2886 906 2946 favis
918 2887 1015 2945 emiffa
1023 2886 1168 2965 juventus,

516 2988 621 3049 Vicina
633 2989 737 3048 invitet
748 2990 885 3049 decedere
897 2990 957 3066 ripn
970 2988 1071 3060 calori5

517 3087 669 3169 Obviaque
682 3091 811 3170 hospitiis
823 3101 921 3150 tenent
933 3090 1131 3151 frondentibus
1143 3091 1234 3148 arboe.

557 3195 591 3253 In
599 3195 735 3264 medium,
746 3196 795 3254 seu
805 3195 890 3254 stabit
897 3195 982 3264 iners,
992 3194 1042 3253 seu
1053 3195 1186 3272 profluet,
1198 3195 1311 3265 humor,

516 3297 699 3358 transversas
711 3296 808 3356 silicea
819 3308 850 3355 et
862 3298 981 3375 grandia
994 3295 1103 3374 eonjiee
1115 3297 1195 3368 saxa5

518 3400 656 3460 Pontibus
668 3410 701 3459 ut
713 3399 817 3459 crebria
829 3400 932 3477 poffint
943 3399 1100 3469 contistere,
1118 3408 1149 3458 et
1160 3399 1218 3457 alan

519 3503 646 3563 Pandere
656 3502 692 3560 ad
705 3501 833 3561 aestivum
845 3500 943 3572 solem,
964 3501 985 3559 fi
997 3501 1071 3560 forte
1083 3500 1221 3560 morantia

519 3604 666 3690 sparserit,
686 3614 736 3664 aut
748 3622 872 3683 prneepe
886 3604 1025 3682 Neptuno
1037 3602 1199 3661 inmerserit
1211 3602 1313 3662 nunu.

519 3709 592 3767 Huc
604 3707 714 3778 circtnn
726 3707 806 3765 casm
817 3705 931 3777 viridea,
950 3716 981 3763 et
992 3705 1100 3765 olentia
1111 3705 1169 3764 late

519 3809 655 3889 serpylla,
674 3819 705 3867 et
717 3809 841 3887 graviter
854 3809 986 3887 spirantia
997 3809 1079 3887 eopia
1092 3809 1233 3887 thymbra

517 3913 641 3984 floreat,
660 3910 864 3989 inriguumque
878 3911 980 3970 bibant
991 3911 1109 3970 violaria
1121 3910 1242 3971 sonam.

557 4014 621 4092 Ipsa
633 4024 739 4084 autem,
758 4012 808 4071 seu
819 4014 971 4071 nnrticibua
984 4013 1038 4072 tibi
1051 4014 1114 4072 suta
1126 4013 1243 4086 cavana,
1268 4063 1271 4069 .

520 4116 576 4176 Seu
588 4117 667 4175 lento
679 4115 787 4173 fuerim
800 4116 923 4174 alvearia
934 4116 1044 4175 vimine
1056 4126 1145 4185 texta,

519 4216 666 4293 Angustos
678 4217 802 4277 habeant
813 4218 920 4289 aditus3
942 4237 1012 4276 nam
1023 4218 1131 4296 frigore
1143 4218 1230 4277 melia

519 4318 609 4397 eogit
621 4317 723 4389 hieme,
735 4320 893 4396 eademque
905 4320 983 4379 ealor
995 4321 1148 4398 liquefada
1161 4318 1299 4378 remittit:

520 4422 651 4498 Utraque
665 4422 706 4480 vis
718 4421 818 4499 apibus
830 4422 937 4499 pariter
948 4423 1101 4481 metuenda
1107 4448 1117 4495 3
1138 4441 1232 4499 neque
1243 4423 1302 4481 illie

521 4524 727 4602 Nequidquam
739 4525 770 4583 in
784 4524 865 4583 tedis
878 4524 1011 4583 certatim
1023 4524 1121 4583 tenuia
1133 4527 1199 4583 neri

521 4626 698 4704 spiramenta
710 4627 817 4697 linunt,
836 4626 961 4703 fanoque
972 4636 1003 4686 et
1015 4627 1133 4686 floribus
1145 4646 1208 4685 orae

520 4730 655 4810 Explent,
665 4730 883 4808 nnnledumque
895 4730 957 4789 bne
968 4730 1028 4809 ipsa
1037 4732 1074 4791 ad
1084 4748 1203 4790 munem
1213 4729 1314 4808 gluten
