3492 6884
522 1760 562 1827 78
751 1751 1082 1825 GEORGICON,
1207 1758 1315 1813 saul.

522 1908 604 1967 Quas
616 1909 734 1970 animosi
743 1911 811 1969 Euri
822 1911 935 1971 adsidue
945 1911 1140 1988 franguntque
1152 1908 1321 1986 senintque,

519 2010 601 2070 Dant
612 2013 682 2071 allos
695 2014 759 2072 aliae
772 2015 860 2085 setus;
881 2016 953 2072 dant
965 2014 1036 2072 utile
1048 2013 1161 2089 lignum

519 2112 653 2191 Navigiis
665 2116 757 2192 pinos,
777 2117 909 2175 domibus
922 2118 1095 2191 cedrumque
1107 2112 1312 2191 cupressosque.

518 2214 599 2274 Hine
612 2218 705 2276 radios
718 2218 820 2276 trivere
832 2219 911 2287 rotis,
930 2219 999 2276 hinc
1012 2230 1146 2295 tympana
1158 2215 1286 2293 plaustris

519 2316 673 2393 Agricolae,
693 2329 723 2377 et
735 2320 840 2397 pandas
853 2320 960 2378 ratibus
971 2319 1088 2396 posuere
1100 2318 1219 2377 carinas.

518 2417 684 2477 Viminibus
696 2421 793 2479 salices
805 2422 945 2489 fecundae,
964 2420 1112 2479 frondibus
1125 2419 1211 2489 admi,

517 2520 562 2578 At
573 2531 683 2599 myrtus
695 2523 795 2580 validis
807 2523 964 2592 hastilibus,
983 2532 1021 2592 et,
1034 2525 1107 2580 bona
1121 2522 1205 2591 bello,

516 2624 642 2694 Cornus;
664 2625 781 2682 lturaeos
795 2624 854 2682 taxi
867 2635 1035 2700 torquentur
1047 2625 1079 2681 in
1091 2643 1181 2682 arcus.

516 2723 581 2781 Nec
595 2724 664 2781 tiliae
677 2725 759 2793 leves,
773 2734 823 2783 aut
836 2735 918 2783 torno
930 2726 1009 2784 rafile
1021 2729 1141 2795 buxum,

515 2824 585 2883 Non
598 2826 719 2884 sormam
730 2827 889 2903 adcipiunt,
902 2829 1034 2905 serroque
1046 2839 1183 2887 cavantur
1194 2837 1288 2888 acuto.

514 2927 580 2985 Nec
594 2944 651 2985 non
665 2937 695 2985 et
707 2937 862 2987 torrentem
873 2931 982 2988 undam
994 2931 1063 2989 levis
1075 2932 1187 2991 innatat
1198 2933 1288 3002 alnus,

513 3028 599 3088 Misia
612 3030 687 3087 Pado
692 3054 701 3100 ;
723 3050 776 3088 uec
789 3050 847 3088 non
859 3042 889 3089 et
901 3052 967 3109 apes
979 3033 1111 3091 examina
1124 3035 1254 3093 condunt

514 3130 733 3209 Corticibusque
745 3132 821 3190 caris
833 3133 998 3210 vitioseque
1013 3135 1087 3193 ilicis
1100 3136 1190 3193 alveo.

513 3231 596 3291 Quid
608 3235 823 3293 memorandum
834 3254 915 3311 aeque
925 3236 1065 3294 Baccheia
1075 3237 1149 3295 dona
1162 3238 1305 3297 tulerunt?

512 3336 641 3394 Bacchus
654 3345 683 3394 et
695 3337 731 3394 ad
744 3337 859 3413 culpam
871 3338 976 3395 caussas
990 3338 1084 3410 dedit,
1105 3339 1154 3396 ille
1166 3340 1290 3399 furentis

512 3438 670 3497 Centauros
682 3440 741 3496 leto
753 3439 875 3507 domuit,
895 3439 1089 3516 Rhoetumque
1101 3440 1286 3518 Pholumque,

510 3540 549 3598 Et
562 3559 667 3616 magno
680 3542 818 3617 Hylaeum
831 3540 962 3618 Lapithis
976 3553 1084 3599 cratere
1096 3542 1267 3602 minantem.

549 3642 578 3699 Ο
591 3641 750 3701 fortunatos
762 3643 896 3713 nimium,
916 3642 966 3700 sua
979 3643 999 3700 sr
1013 3645 1085 3700 bona
1099 3644 1204 3714 norint,

509 3745 673 3821 Agricolas!
695 3746 799 3822 quibus
812 3746 880 3822 ipsa,
893 3746 992 3822 procul
1005 3745 1177 3804 discordibus
1189 3747 1285 3821 armis,

509 3846 617 3906 Fundit
629 3847 717 3905 humo
730 3847 845 3905 sacilem
858 3848 966 3904 vistrun
974 3846 1119 3923 justiffinu
1134 3849 1228 3909 tellus.

508 3948 539 4007 si
551 3967 609 4005 non
622 3947 771 4024 ingentem
783 3948 892 4005 foribus
905 3949 1004 4007 domus
1017 3950 1073 4008 alta
1086 3948 1213 4026 superbis

507 4050 599 4108 Mane
611 4049 785 4108 salutantum
799 4051 865 4107 totis
879 4050 969 4107 vomit
982 4052 1089 4110 aedibus
1102 4055 1223 4125 undam3
1316 4044 1322 4054 ’

507 4152 573 4210 Nec
586 4153 677 4210 varios
690 4152 803 4209 inhiant
815 4152 934 4227 pulchri
947 4153 1085 4211 testudine
1097 4156 1197 4231 polles,

507 4253 672 4330 Inlusasque
686 4273 754 4311 auro
766 4254 857 4321 vestis,
878 4254 1078 4331 Ephyreiaque
1090 4276 1160 4328 aera,

506 4359 584 4418 Alba
598 4376 690 4434 neque
702 4357 816 4433 Assyrio
829 4358 943 4414 fucatur
954 4358 1017 4416 lana
1025 4377 1150 4430 ueneno,

505 4460 571 4520 Nec
584 4460 655 4517 casrl
669 4459 772 4535 liquidi
785 4459 983 4535 conrumpitur
996 4459 1061 4518 usus
1073 4460 1156 4519 olivi:

505 4563 549 4621 At
562 4562 656 4620 secura
669 4561 758 4637 quiea,
778 4572 808 4619 et
821 4561 914 4619 nescia
927 4562 1025 4620 fallere
1039 4563 1106 4632 vita,

506 4664 595 4743 Dives
605 4683 694 4744 opum
706 4662 865 4736 variarum
885 4673 915 4722 at
926 4662 991 4723 latis
1003 4664 1063 4724 otia
1076 4665 1183 4739 fundis,
