3492 6884
468 1817 576 1870 mot
784 1813 838 1873 LI
853 1813 885 1873 B.
925 1813 950 1872 Ι.
1210 1815 1265 1883 19³

469 1966 599 2026 Adccsiir
607 1966 754 2046 scopulos:
776 1988 826 2028 voe
838 1979 868 2028 et
880 1968 1018 2047 Cyclopia
1032 1966 1098 2026 saxa

469 2068 598 2145 Experti.
633 2071 775 2131 Revocate
796 2072 915 2141 animos,
935 2072 1119 2145 maestumque
1132 2068 1266 2127 timorem

468 2168 599 2230 Mittite:
621 2171 717 2232 forsan
729 2184 759 2232 et
771 2175 833 2232 haec
846 2174 917 2231 olim
935 2172 1094 2231 meminisse
1102 2170 1226 2248 juvabit.

469 2274 522 2331 Per
533 2273 625 2333 varios
637 2274 727 2344 casus,
747 2294 798 2352 per
813 2284 856 2333 tot
866 2274 1032 2333 discrimina
1043 2278 1151 2341 rerum,

467 2375 628 2436 Tendimus
640 2378 672 2434 in
686 2377 818 2450 Latium3
839 2376 918 2435 sedes
930 2376 981 2434 ubi
994 2376 1053 2434 fata
1067 2375 1178 2451 quietae

468 2476 646 2537 Ostendent:
668 2478 729 2538 illic
741 2479 785 2538 sas
798 2498 886 2557 regna
898 2477 1043 2555 resurgere
1054 2476 1157 2554 Trojae.

468 2579 588 2653 Durate,
607 2593 638 2640 et
650 2595 758 2642 vosmet
773 2586 856 2642 rebus
869 2583 980 2642 servate
992 2581 1130 2641 secundia.

506 2683 590 2742 Talia
602 2703 672 2743 voce
685 2686 785 2757 refert,
806 2686 938 2762 curisque
951 2684 1118 2762 ingentibus
1129 2696 1206 2759 teger

468 2786 554 2862 Spem
563 2786 642 2844 voltu
656 2787 777 2856 srmulat,
791 2788 894 2865 premit
906 2787 999 2845 altum
1011 2786 1095 2844 corde
1108 2784 1247 2842 dolorem.

468 2886 517 2944 llli
531 2887 559 2945 se
572 2890 675 2964 praedae
688 2888 856 2967 adcingunt,
876 2890 1053 2966 dapibusque
1064 2887 1179 2947 futuris.

467 2989 595 3066 Tergora
607 2990 752 3067 deripiunt
765 2992 855 3061 costis,
875 3001 905 3049 et
918 2992 1023 3050 viscera
1036 2993 1160 3048 nudant:

469 3092 535 3149 Pars
544 3091 575 3149 in
589 3091 676 3150 frusta
689 3092 794 3162 secant,
807 3093 977 3170 veribusque
991 3092 1141 3151 trementia
1154 3091 1263 3168 figuutt'

469 3194 568 3252 Litore
581 3196 651 3252 a'e'na
664 3194 760 3252 locant
773 3195 833 3263 alii,
852 3195 1038 3270 flammasque
1056 3194 1226 3251 ministrant.

468 3296 548 3353 Tum
561 3296 638 3354 victu
652 3307 786 3354 revocant
798 3297 885 3368 vires,
907 3297 1018 3372 fusique
1031 3314 1082 3373 per
1095 3296 1214 3353 herbam

468 3398 622 3474 Inplentur
633 3398 737 3456 veteris
750 3397 864 3467 Bacchi,
884 3398 1056 3475 pinguisque
1069 3398 1178 3455 serinae.

468 3502 619 3577 Postquam
630 3514 743 3560 exemta
754 3502 844 3560 sames
854 3501 955 3578 epulis,
968 3500 1129 3576 mensaeque
1140 3507 1267 3569 remotae,

468 3603 593 3662 Amissos
605 3605 692 3680 longo
705 3603 794 3661 socios
806 3601 936 3660 sermone
949 3603 1111 3678 requirunt,

469 3708 612 3785 Spemque
630 3717 797 3783 metumque
815 3707 892 3765 inter
910 3705 1003 3775 dubii,
1022 3704 1072 3762 seu
1090 3704 1186 3763 vivere
1205 3721 1266 3763 cre-

546 3810 625 3878 dant,
1260 3805 1262 3810 ’

470 3912 535 3971 Sive
546 3921 674 3970 extrema
688 3910 758 3988 pati,
779 3929 832 3968 nec
840 3908 902 3987 jam
913 3910 1049 3968 exaudire
1060 3918 1184 3968 vocator.

469 4015 614 4091 Praecipue
626 4015 690 4092 pius
702 4014 821 4083 AEnear,
840 4032 920 4071 nunc
932 4012 1005 4070 reris
1016 4011 1131 4081 Oronti,

469 4118 501 4175 N
503 4135 559 4175 unc
572 4116 679 4191 Amyci
692 4116 789 4174 casum
802 4115 903 4191 gemit,
921 4125 951 4173 et
963 4114 1088 4172 crudelia
1101 4113 1198 4173 secum

470 4220 539 4278 Fata
546 4217 626 4295 Lyci,
635 4218 796 4294 sortemque
803 4218 898 4294 Gyan,
909 4193 1071 4292 sortemque
1079 4216 1266 4276 Cloanthum.

510 4318 770 4397 Etjamfiniserat5
785 4338 875 4395 quum
883 4318 1025 4396 juppiter,
1038 4318 1145 4377 aethere
1155 4319 1267 4377 summo

471 4421 638 4501 Despiciens
650 4440 728 4480 mare
741 4421 905 4489 velivolum,
925 4431 1068 4497 terrasque
1077 4418 1207 4497 jacentia,

471 4525 636 4600 Litoraque,
655 4534 686 4582 et
698 4523 769 4581 lator
780 4523 909 4599 populos,
929 4522 967 4579 fic
979 4522 1085 4580 vertice
1097 4522 1164 4579 coeli

470 4626 616 4695 Constitit,
635 4635 666 4683 et
678 4624 777 4702 Libyae
789 4623 892 4682 defixit
904 4622 1013 4681 lumina
1026 4623 1130 4700 regnis.

470 4734 571 4807 Atque
582 4727 676 4806 illum,
697 4725 762 4785 talia
769 4724 926 4803 jactante·
937 4724 1052 4802 pedore
1063 4741 1156 4795 cumr,

872 4843 891 4883 ο
