3492 6884
500 1793 558 1846 222
775 1777 1056 1850 AENEIDOS,
1192 1788 1300 1853 v.171.

500 1941 566 2000 Nec
579 1937 673 1997 dubiis
685 1955 719 1996 ea
733 1937 812 2015 fignn
826 1935 907 1994 dedit
917 1934 1050 1996 Tritonia
1062 1934 1208 1996 moninio:

501 2043 561 2101 Vix
574 2042 698 2120 politum
710 2039 804 2099 callais
817 2039 1008 2108 fimulamm,
1028 2039 1119 2098 arsere
1130 2040 1254 2099 nornsooe

467 2137 470 2145 ’
503 2145 675 2204 Luminibua
688 2146 813 2203 flammae
827 2142 956 2212 adreblia,
975 2141 1117 2219 salsruque
1129 2153 1272 2221 per-artu!

504 2251 594 2309 Sudor
606 2249 656 2308 iit:
678 2258 778 2324 terque
789 2245 850 2331 ipsa
862 2245 931 2316 solo,
952 2245 1083 2305 mirabile
1095 2247 1190 2306 diunt

503 2351 639 2422 Emicuit,
666 2367 851 2428 parmamque
875 2349 969 2407 serena
991 2349 1156 2428 hastamque
1176 2359 1300 2410 tremen-

582 2466 652 2515 lem.

503 2558 659 2635 Extemplo
671 2557 806 2614 tentanda
824 2555 894 2632 fugi
908 2555 988 2614 oanit
998 2575 1111 2634 (equora
1125 2557 1259 2630 Calchan

503 2662 569 2720 Nec
580 2660 658 2738 potio
670 2658 814 2736 Argolici·
826 2658 955 2717 exscindi
968 2661 1104 2738 Pergama
1118 2661 1191 2731 telis,

504 2764 612 2824 Omnia
624 2763 657 2821 ni
671 2771 800 2840 repetant
813 2763 910 2840 Argia,
931 2782 1095 2840 numenque
1108 2766 1254 2836 reducant,

504 2868 594 2927 Quod
606 2866 709 2944 pelago
718 2876 748 2923 et
760 2866 857 2924 curvis
868 2866 965 2924 secum
977 2885 1096 2926 averrere
1109 2869 1222 2927 catinia.

503 2971 541 3029 Et
556 2988 641 3040 nunc,
662 2969 739 3045 quod
750 2969 856 3046 patrina
868 2979 955 3028 vento
966 2971 1075 3048 petiere
1087 2971 1235 3049 Mynenaa,

503 3075 595 3133 Arma
607 3074 732 3150 deosque
744 3082 847 3150 parant
858 3074 989 3145 comiter,
1002 3075 1161 3153 pelagoque
1172 3073 1301 3134 remenso

502 3176 640 3254 inprovisi
653 3178 787 3237 aderunt:
809 3175 850 3235 ita
862 3175 971 3254 digerit
981 3176 1080 3236 omina
1093 3178 1222 3240 Calchas.

503 3280 653 3357 Hancpro
663 3279 799 3351 Palladio,
819 3279 933 3348 moniti,
952 3300 1004 3357 pro
1016 3282 1136 3340 numine
1146 3281 1223 3352 laeso,

503 3383 640 3461 Effigiem
653 3383 772 3442 statuere
776 3408 785 3455 5
808 3383 887 3442 nefas
900 3402 964 3459 quae
977 3384 1053 3442 triste
1066 3385 1165 3461 piaret.

502 3487 589 3546 Hanc
602 3496 696 3546 tamen
711 3486 869 3545 inmensam
883 3487 1004 3546 Calchan
1017 3489 1154 3547 adtollere
1166 3490 1273 3549 molem

503 3590 663 3650 Roboribus
678 3591 771 3659 tertia,
791 3591 921 3666 coeloque
933 3592 1053 3650 educere
1063 3591 1155 3669 jnffit:

502 3694 551 3752 Ne
563 3694 653 3771 recipi
665 3694 763 3772 portia,
783 3703 832 3752 aut
846 3694 913 3752 duci
925 3695 957 3752 in
971 3696 1077 3753 moenia
1089 3695 1182 3773 poffit,

502 3797 571 3856 Neu
584 3799 722 3875 populum
735 3798 851 3874 antiqui
863 3798 915 3856 sub
929 3798 1067 3875 religione
1080 3799 1164 3858 tueri.

503 3900 591 3969 Nam,
613 3902 633 3958 fi
646 3901 734 3959 vestra
747 3920 849 3958 manus
860 3900 989 3959 violaffet
1002 3902 1076 3961 dona
1089 3903 1238 3972 nunervae,

503 4003 581 4060 Turn
601 4021 740 4079 magnum
761 4003 892 4075 exitium,
918 4006 995 4080 quod
1015 4006 1047 4064 di
1065 4006 1143 4083 prius
1163 4025 1249 4065 omen
1267 4006 1299 4064 in

580 4104 675 4180 ipsum

503 4207 694 4266 Convertuntl
720 4207 823 4266 Priami
842 4209 965 4287 imperio
983 4211 1199 4290 Phrygibusque
1219 4214 1299 4273 futu·

579 4328 661 4368 rum:

501 4414 552 4474 Sin
564 4414 697 4472 manibus
707 4414 804 4472 vestris
815 4415 933 4476 vestram
947 4419 1130 4479 adscendiliet
1143 4420 1174 4478 in
1188 4423 1299 4492 urbem,

503 4518 588 4576 Ultro
602 4518 699 4576 Asram
712 4536 818 4594 magno
831 4521 951 4598 Pelopea
963 4523 999 4580 ad
1013 4524 1119 4581 rnoenia
1133 4525 1209 4583 bello

501 4621 671 4692 Venturam,
691 4632 722 4679 et
733 4623 840 4681 nostros
852 4642 885 4682 ea
898 4624 958 4683 fata
972 4644 1088 4684 manere
1101 4610 1227 4704 nepotes.

537 4725 657 4786 Talibus
668 4725 787 4798 infidiia,
804 4725 968 4805 perjurique
980 4737 1042 4789 arte
1054 4729 1177 4801 Sinonm
1235 4804 1245 4825 ·
