3492 6884
513 1752 572 1805 210
772 1741 1049 1813 AENEIDOS,
1220 1741 1309 1802 ιῦθ.

513 1899 659 1972 constitit,
685 1906 772 1978 atque
793 1902 885 1961 oculis
907 1899 1030 1979 Phrygia
1050 1898 1165 1977 agmina
1186 1898 1309 1959 circum-

589 2003 695 2081 spexit3

509 2105 593 2165 Heul
622 2125 687 2181 quae
708 2126 784 2165 nunc
805 2106 900 2179 tellus,
919 2106 1025 2184 inquit,
1043 2125 1109 2183 quae
1126 2123 1173 2163 me
1193 2123 1306 2183 equora

623 2208 701 2269 liunt

510 2226 671 2389 Adcilqiire?
691 2320 742 2371 aut
755 2312 825 2390 quid
837 2310 900 2391 jam
918 2312 1020 2371 misero
1033 2310 1106 2371 mihi
1122 2310 1248 2388 denique
1260 2328 1304 2371 re·

586 2415 654 2474 liat?
1269 2446 1281 2469 .

509 2516 567 2575 Cui
577 2536 669 2594 neque
679 2495 1006 2596 apuananaos'usquam
1014 2518 1107 2588 locun
1121 2526 1152 2575 et
1161 2516 1304 2595 superipfi

507 2619 679 2679 Dardanidae
691 2620 793 2678 infensi
806 2640 904 2697 poenas
915 2640 983 2679 cum
995 2620 1134 2698 sanguine
1145 2620 1275 2697 poscunt.

507 2722 578 2781 Quo
590 2723 700 2800 gemitu
717 2724 842 2783 nonverfi
855 2722 955 2792 animi,
974 2722 1135 2801 conpreffua
1147 2733 1178 2781 et
1189 2722 1283 2781 omnio

505 2824 638 2902 Inpetua:
659 2824 807 2883 hortamur
819 2824 883 2896 san',
903 2844 962 2902 quo
975 2824 1113 2903 sanguine
1125 2834 1229 2896 cretius,

506 2926 623 2985 Quidve
635 2927 724 2998 ferat3
745 2935 893 2996 memoret,
913 2946 978 3003 quae
990 2927 1025 2986 fit
1037 2927 1141 2987 fiducia
1154 2936 1248 3005 capto.

503 3029 558 3088 Ille
570 3030 641 3099 lnec,
661 3029 786 3109 depofiti
800 3031 917 3088 tandem
931 3029 1093 3101 formidine,
1113 3030 1209 3087 fatur:

542 3132 654 3193 cunda
667 3133 801 3211 equidem
814 3133 878 3203 tibi,
896 3133 967 3205 Rex,
987 3133 1077 3192 fuerit
1088 3134 1297 3211 quodcumque,

619 3237 731 3297 fatebor

502 3340 588 3409 Vera,
598 3339 706 3416 inquit:
722 3358 816 3416 neque
823 3358 870 3397 me
881 3338 1019 3416 Argolici
1027 3338 1064 3398 de
1075 3347 1161 3417 gente
1172 3341 1294 3418 negabo.

501 3443 568 3502 Hoc
580 3442 719 3520 plimum:
741 3461 804 3511 nec,
821 3442 842 3499 s1
855 3441 991 3500 miserum
1005 3442 1128 3501 Fortuna
1141 3442 1277 3501 Sinonem

501 3544 609 3616 Finxit,
617 3564 723 3603 vanum
732 3546 821 3603 etiam
831 3545 1056 3621 mendacemque
1065 3544 1184 3622 inproba
1193 3545 1294 3622 finget.

499 3648 597 3708 Fando
610 3648 725 3726 aliquod
738 3647 759 3706 fi
772 3648 846 3706 forte
859 3657 922 3705 tuae
934 3646 1063 3724 pervenit
1076 3648 1112 3706 ad
1125 3648 1200 3706 auiis

499 3750 606 3809 Belidae
619 3769 723 3809 nomen
738 3750 904 3820 Palamedis,
924 3757 954 3807 et
966 3750 1075 3808 incluta
1088 3750 1164 3809 fami
1242 3775 1245 3781 ·

498 3853 597 3912 Gloria
601 3878 611 3924 i
633 3871 719 3929 quem
732 3852 802 3911 falla
815 3852 866 3911 sub
878 3852 1041 3929 proditione
1054 3852 1163 3930 Pelasgi

497 3955 652 4025 Insontem,
672 3955 790 4013 infando
802 3954 920 4022 indicio,
940 3954 1007 4031 quia
1020 3953 1093 4012 bella
1107 3956 1231 4026 vetabat,

496 4057 645 4116 Demisere
655 4057 737 4126 neci5
759 4075 835 4114 nunc
848 4055 954 4114 callum
963 4055 1074 4115 lumine
1085 4057 1201 4135 lugent:

496 4160 545 4220 llli
557 4178 604 4219 me
617 4161 764 4229 comitem,
784 4171 814 4217 et
827 4160 1075 4237 consanguinitate
1087 4163 1288 4239 propinquum,

495 4266 606 4341 Pauper
617 4262 649 4321 in
662 4282 740 4322 arma
753 4262 942 4342 pater'primis
954 4261 1012 4320 huc
1025 4264 1102 4322 misit
1115 4266 1151 4323 ab
1163 4265 1256 4325 annia.

493 4368 575 4429 Dum
588 4369 677 4427 stabat
689 4386 777 4445 regno
789 4366 951 4433 incolumis,
970 4385 1127 4443 regumque
1140 4368 1258 4444 vigebat

492 4472 644 4542 Conciliis;
666 4481 696 4529 et
709 4489 760 4527 nos
774 4470 890 4545 aliquod
904 4487 1074 4545 nomenque,
1094 4471 1247 4548 decusque,

492 4574 648 4635 Gellianus:
669 4572 778 4632 invidia
790 4571 938 4649 postquam
949 4571 1065 4649 pellacis
1078 4572 1162 4630 Ulixi

491 4678 594 4756 (Haud
606 4678 705 4755 ignota
718 4676 832 4753 loquor)
847 4673 954 4751 supetia
965 4674 1100 4733 conoeffit
1111 4678 1147 4737 ab
1159 4676 1230 4749 oris3
