3492 6884
515 1805 572 1867 tol
745 1809 1073 1880 GEORGICON,
1196 1812 1306 1867 ew&

549 1962 623 2022 Haec
636 1972 703 2024 ante
715 1963 838 2025 exitium
849 1966 950 2045 primis
962 1968 1032 2025 dant
1045 1965 1123 2043 tigna
1136 1963 1252 2023 diebus:
1338 2004 1342 2009 -

511 2064 560 2122 sin
574 2064 605 2123 in
617 2068 745 2144 proceffu
757 2069 845 2146 coepit
857 2067 1021 2128 crudescere
1033 2069 1164 2137 morbus;

511 2167 603 2241 (Tum
615 2188 682 2228 vero
694 2172 824 2229 ardentes
836 2172 922 2242 oculi,
942 2182 1029 2248 atque
1045 2168 1186 2228 adenem
1198 2168 1235 2225 ab
1247 2165 1306 2224 alto

510 2268 630 2345 Spiritus
643 2271 798 2343 interdum,
818 2273 929 2350 gemitu
942 2271 1049 2348 gravis,
1070 2271 1185 2347 imaque
1197 2269 1286 2346 longo

508 2369 564 2429 Ilia
577 2371 704 2449 fingnltu
718 2375 839 2432 tendunt
844 2399 853 2445 ;
875 2374 900 2432 it
913 2373 1028 2432 mribus
1041 2383 1102 2431 ater

508 2471 638 2550 Sanguis,
657 2484 686 2532 et
700 2474 817 2533 obsessas
829 2476 926 2534 fauces
937 2475 1043 2552 premit
1060 2474 1154 2552 aspera
1168 2473 1283 2552 lingua)

507 2574 619 2632 Profuit
631 2574 738 2634 inserto
750 2576 848 2635 latices
861 2577 1013 2635 infundere
1025 2596 1114 2636 cornu

507 2677 637 2749 Leuaeos3
658 2698 692 2738 ea
706 2679 764 2738 visa
777 2679 850 2738 salus
862 2680 1051 2739 metientibus
1062 2699 1130 2738 una.

506 2779 580 2839 Mox
593 2790 653 2838 erat
665 2781 720 2839 hoc
733 2780 825 2858 ipsum
837 2782 936 2853 exitio,
956 2782 1095 2858 furiisque
1106 2779 1207 2840 refodi

505 2881 669 2955 Ardebant3
690 2883 799 2960 ipfique
812 2883 885 2953 suos,
899 2882 961 2963 jam
974 2894 1067 2942 morte
1078 2882 1131 2941 sub
1143 2882 1230 2959 aegrd,

507 2981 562 3055 (Di
575 2983 693 3042 meliora
706 2983 770 3061 piis,
790 3005 973 3062 erroremque
988 2985 1113 3043 hostibus
1124 2983 1239 3058 illumi)

504 3082 638 3142 Disciffoa
651 3086 736 3144 nudis
747 3087 897 3146 laniabant
911 3088 1044 3147 dentibus
1057 3096 1144 3145 arten.

542 3186 618 3244 Ecce
630 3196 737 3257 autem,
756 3192 827 3246 duro
840 3190 953 3249 fumans
967 3188 1019 3247 sub
1031 3207 1154 3257 vomere,
1175 3195 1272 3246 tauma

505 3288 650 3360 Concidit,
669 3300 699 3349 et
712 3291 838 3350 mixtum
850 3292 955 3369 spumis
966 3291 1057 3351 vomit
1070 3310 1119 3350 ore
1131 3309 1270 3363 cruorem,

503 3392 709 3469 Extremosque
721 3393 778 3451 ciet
790 3395 922 3471 gemitus.
963 3395 992 3452 It
1005 3393 1090 3452 tristis
1102 3402 1204 3462 arator,

503 3493 676 3554 Maerentem
689 3493 847 3573 abjungere
860 3495 984 3554 fraterni
997 3503 1090 3553 morte
1097 3492 1268 3572 juvencum3

502 3596 602 3672 Atque
614 3616 699 3674 opere
711 3597 743 3655 in
755 3597 850 3656 medio
863 3597 957 3656 defixa
970 3596 1106 3672 relinquit
1118 3604 1220 3654 aratra.

503 3696 574 3756 Non
585 3700 693 3759 umbrae
704 3700 826 3759 altorum
836 3717 994 3767 nemorum,
1008 3715 1067 3756 non
1078 3696 1176 3755 mollis
1186 3694 1299 3774 potsunt

502 3798 584 3858 Prata
598 3819 711 3859 movere
724 3800 853 3859 animum
859 3824 868 3871 5
890 3818 959 3868 non,
972 3797 1023 3875 qui
1033 3817 1085 3875 per
1096 3798 1162 3857 saxa
1175 3798 1299 3869 volutus,

502 3901 601 3960 Purior
612 3902 726 3971 cletiro,
746 3921 880 3978 campum
893 3901 967 3978 petit
979 3900 1085 3959 amnis:
1107 3909 1137 3960 at
1148 3899 1207 3959 ima

501 4002 656 4062 Solvuntur
662 4003 759 4073 latera,
770 4003 960 4079 atqneocnloa
970 4002 1064 4083 stupor
1073 4013 1178 4079 urguet
1187 4002 1297 4076 inertis,

500 4105 551 4163 Ad
564 4113 723 4181 terramque
735 4103 801 4164 fluit
814 4104 923 4163 devexo
935 4107 1061 4182 pondere
1072 4105 1179 4164 cervix.

500 4204 583 4265 Quid
602 4205 689 4276 labor,
709 4215 763 4301 aut
776 4206 927 4265 benefadta
942 4205 1062 4285 juvant?
1088 4207 1160 4284 quid
1180 4226 1296 4269 vomere

578 4318 666 4367 terras

497 4410 645 4471 Invertiffe
658 4410 765 4489 gravis?
786 4411 866 4488 atqui
879 4431 937 4470 non
950 4412 1066 4471 Maffica
1079 4413 1185 4473 Bacchi

497 4515 631 4584 Munera,
651 4532 709 4572 non
722 4513 778 4571 illis
791 4514 883 4591 epulae
896 4533 1018 4573 nocuere
1030 4516 1161 4591 repostae3

497 4616 664 4686 Frondibus‚
683 4625 714 4674 et
724 4615 803 4675 vitlu
815 4615 969 4693 pascuntur
980 4617 1115 4693 simplicis
1127 4618 1239 4678 herba:
1347 4631 1365 4671 ο

498 4719 601 4779 Pocula
614 4718 679 4778 sunt
691 4718 786 4777 tontes
797 4717 912 4796 liquidi,
932 4728 1019 4795 atque
1031 4719 1155 4779 exercita
1166 4720 1254 4782 eursu
