3492 6884
741 1777 1068 1840 CATALECTA.
1249 1790 1304 1855 17⁵

502 1905 678 2014 Dispirmm,
697 1936 719 1993 fi
732 1946 762 1994 te
775 1935 863 1995 fuerit
876 1937 950 1995 mihi
963 1938 1054 1997 carior
1067 1937 1151 1996 alter:

539 2040 625 2098 Alter
636 2040 717 2098 enirn
728 2040 793 2116 quis
805 2051 834 2098 te
846 2040 958 2100 dulcior
969 2041 1023 2100 effe
1035 2042 1144 2118 potest?

501 2143 559 2203 eui
571 2144 669 2203 Venus
681 2153 748 2202 ante
761 2144 840 2213 alios,
859 2144 929 2213 divi,
949 2144 1105 2220 divumque
1117 2144 1232 2216 sorores,

539 2247 660 2316 Cuutta,
681 2266 774 2325 neque
785 2247 916 2324 indiguo,
936 2247 1030 2316 Musa,
1049 2248 1152 2305 dedere
1164 2249 1253 2318 bona;
1273 2223 1279 2231 .

501 2351 621 2422 Guntia,
631 2350 736 2428 quibus
745 2352 851 2429 gaudet
861 2351 962 2411 Phoebi
970 2350 1082 2421 chenu,
1091 2350 1208 2428 ipseque
1217 2350 1301 2410 th-

470 2491 471 2495 =
618 2457 684 2513 bus:

538 2557 659 2616 Doffior
670 2559 702 2616 oi
723 2558 787 2635 quis
801 2568 839 2628 te,
858 2557 954 2628 Musa,
974 2557 1056 2625 fuisse
1068 2558 1175 2635 potest?

499 2659 542 2719 ΟΙ
565 2660 629 2737 quis
641 2669 671 2720 te
683 2661 715 2720 in
727 2663 810 2721 terris
822 2662 950 2739 loquitur
957 2660 1111 2739 jucundior
1123 2664 1201 2719 uuo?

538 2764 604 2822 Clio
617 2774 678 2823 tam
689 2775 766 2825 certe
778 2768 900 2826 candida
913 2785 972 2825 non
985 2766 1120 2842 loquitur.

499 2865 599 2926 Quare
610 2868 684 2928 illud
697 2869 763 2936 satis
775 2870 824 2941 est,
845 2871 866 2929 fi
880 2880 909 2929 te
921 2868 1063 2949 permittis
1075 2868 1164 2927 amari
1168 2892 1179 2941 3

537 2970 618 3042 Non,
636 2981 735 3032 contra
749 2983 783 3032 ut
795 2975 830 3032 srt
842 2993 923 3034 amor
935 2983 1052 3033 mutuus
1064 2973 1132 3031 iude
1144 2971 1228 3032 mihi.
1313 3023 1315 3027 Α

854 3284 936 3343 XIV.

721 3461 756 3501 m
778 3460 910 3501 ocnvu
932 3460 1074 3500 MORTEM.

498 3639 583 3697 Qum
596 3638 674 3708 deus,
693 3636 809 3706 ouavi,
829 3647 859 3696 te
871 3637 954 3695 nobis
966 3636 1098 3696 abstulit?
1119 3655 1166 3706 un,
1181 3655 1246 3712 quae

536 3742 658 3810 Dicunt,
677 3741 728 3800 ahi
751 3741 842 3800 nimio
854 3742 958 3819 pocula
971 3742 1032 3799 dira
1044 3743 1140 3798 mero?

496 3845 588 3904 Vobis
601 3845 621 3903 fi
635 3845 718 3923 culpa
730 3845 771 3902 est
782 3843 865 3903 bilis:
887 3844 935 3903 sua
946 3863 1090 3922 quemque
1101 3844 1258 3920 sequuntur

536 3950 619 4020 Fata3
641 3950 718 4025 quod
730 3948 860 4006 inmeriti
871 3949 981 4007 crimen
994 3947 1102 4006 habent
1114 3945 1228 4024 cyathi?

496 4051 606 4129 Scripta
619 4052 736 4128 quidem
750 4059 799 4110 tua
812 4071 864 4111 nos
877 4052 1002 4110 multum
1014 4049 1191 4119 mirabimur,
1204 4059 1235 4109 et
1245 4058 1274 4109 te

536 4158 670 4232 Raptum,
690 4165 720 4213 et
733 4157 892 4214 Romanam
903 4156 1037 4214 flebimus
1050 4154 1207 4213 historiam:

496 4260 551 4317 Sed
565 4267 597 4316 tu
609 4259 704 4317 nullus
716 4259 781 4318 eris.
821 4260 953 4330 Perverfi,
973 4259 1070 4328 dicite,
1090 4259 1203 4329 Manui,

536 4363 623 4422 Hunc
635 4362 772 4441 supereffe
784 4363 859 4441 patri
872 4383 937 4440 quoe
949 4362 1006 4421 fuit
1018 4361 1142 4421 invidia?
