3492 6884
483 1771 567 1825 ³³8
752 1768 1052 1841 BUCOLICA,
1228 1777 1318 1831 ml.

528 1918 606 1975 Serta
619 1918 692 1977 milri
707 1920 811 1998 Phyllis
822 1926 939 2002 legeret,
958 1933 1084 1984 cantaret
1096 1924 1248 2001 Amyntas.

528 2020 587 2077 Hic
601 2021 687 2097 gelidi
701 2023 806 2096 fontem
827 2028 876 2085 hic
887 2028 984 2094 mollia
997 2040 1086 2105 prata,
1100 2028 1216 2104 Lycori3
1279 2069 1281 2074 -

527 2123 586 2180 Hic
600 2142 712 2183 nemus:
734 2127 782 2185 hic
794 2129 855 2206 ipso
869 2141 964 2188 tecum
976 2132 1155 2213 consumerer
1166 2151 1241 2190 aevo.

526 2224 616 2283 Nunc
628 2226 743 2285 insanus
755 2249 835 2287 amor
846 2232 911 2288 duri
929 2243 957 2289 te
970 2232 1074 2289 Martis
1091 2232 1122 2289 in
1135 2233 1229 2301 armis,

526 2325 598 2384 Tela
611 2326 686 2384 inter
699 2330 802 2399 media,
821 2342 908 2407 atque
920 2332 1048 2390 adversos
1063 2331 1173 2390 detinet
1185 2333 1278 2391 hostis.

525 2427 574 2483 Tu
586 2429 684 2503 procul
697 2449 713 2487 a
727 2431 818 2506 patria
837 2435 903 2507 (nec
917 2432 950 2490 frt
962 2432 1035 2490 mihi
1048 2434 1159 2491 credere
1173 2442 1285 2492 tantum
1295 2435 1318 2509 l)

526 2528 655 2605 Alpinas,
675 2530 712 2587 ah
725 2532 808 2589 dura!
831 2534 919 2601 nives,
938 2542 968 2590 et
981 2534 1086 2610 frigora
1099 2535 1203 2604 Rheni,

526 2628 579 2685 Me
591 2628 649 2687 fine
662 2629 719 2690 sola
731 2632 818 2690 vides.
858 2635 907 2691 Ah
922 2646 950 2692 te
964 2654 1000 2691 ne
1013 2635 1117 2711 frigora
1130 2636 1248 2693 laedant!

526 2728 576 2786 Ah
590 2729 644 2787 tibi
658 2749 695 2788 ne
709 2741 816 2790 teneras
830 2734 935 2810 glacies
948 2734 1022 2791 secet
1034 2735 1128 2813 aspera
1141 2737 1265 2812 plantas!

526 2829 588 2897 Ibo,
602 2839 641 2899 et,
654 2832 819 2891 Chalcidico
832 2854 897 2910 quae
910 2834 975 2893 funt
988 2836 1060 2893 mihi
1073 2838 1187 2895 condita
1199 2837 1280 2898 versu

526 2931 671 3002 Carmina,
691 2934 806 3010 pastoris
819 2935 906 2992 Siculi
919 2937 1085 2995 modulabor
1097 2939 1195 2995 aveni.

526 3032 646 3089 Certum
659 3034 741 3091 estin
755 3035 838 3105 silvis,
858 3038 935 3093 inter
946 3037 1045 3113 spelaea
1058 3038 1193 3107 ferarum,

445 3185 457 3208 „
525 3134 617 3191 Malle
630 3136 707 3210 pati,
730 3136 890 3212 tenerisque
903 3157 980 3194 meos
991 3138 1117 3195 incidere
1130 3158 1239 3199 amores

526 3235 699 3293 Arboribus:
721 3237 847 3294 crescent
858 3237 931 3309 illae;
951 3239 1090 3307 crescetis‚
1110 3260 1229 3300 amores.

526 3337 638 3394 Interea
650 3336 749 3395 mixtis
762 3338 884 3396 lustrabo
898 3340 1022 3399 Maenala
1036 3341 1189 3417 Nymphis,

526 3439 588 3496 Aut
600 3458 677 3497 acres
690 3443 814 3498 venabor
826 3461 920 3518 apros:
943 3461 1000 3498 uon
1016 3461 1061 3499 me
1073 3443 1131 3499 ulla
1143 3446 1279 3503 vetabunt

525 3540 641 3617 Frigora
655 3542 819 3600 Parthenios
832 3543 950 3600 canibus
964 3543 1137 3600 circumdare
1150 3542 1247 3603 saltus.

524 3645 592 3720 Jum
604 3644 677 3702 mihi
690 3664 741 3721 per
753 3664 836 3722 rupes
848 3645 946 3702 videor
959 3644 1092 3719 lucosque
1105 3645 1230 3703 sonantis

525 3746 585 3815 Ire,
608 3746 678 3804 libet
693 3746 794 3803 Partho
808 3754 937 3819 torquere
950 3745 1080 3820 Cydonia
1089 3764 1182 3803 comu

524 3846 650 3921 Spicula:
667 3855 813 3920 tamquam
823 3844 885 3902 haec
896 3845 950 3901 smt
961 3846 1046 3903 nollri
1058 3846 1199 3905 medicina
1207 3849 1318 3921 furoris,

524 3947 588 4007 Aut
601 3946 669 4003 deus
681 3945 730 4002 ille
743 3944 825 4002 malis
837 3944 989 4002 hominum
1001 3946 1146 4004 mitescere
1159 3947 1257 4008 discat.

524 4047 590 4122 Jam
599 4047 907 4121 nequeHamadryades
914 4045 1034 4116 rursum,
1044 4066 1096 4104 nec
1104 4049 1229 4108 carmina
1238 4053 1318 4112 nobis

523 4147 597 4224 Ipsa,
610 4149 724 4225 placent
728 4172 737 4219 ς
758 4146 827 4223 ipsae
839 4147 958 4215 mrfum,
971 4149 1127 4215 concedite,
1146 4150 1228 4208 srlvae.

524 4249 593 4307 Non
606 4250 689 4307 illuns
702 4248 787 4305 nostri
800 4247 913 4324 poliunt
926 4260 1037 4305 mutare
1048 4250 1155 4307 labores
1163 4276 1172 4323 3

523 4350 598 4417 Nec,
612 4351 632 4407 fi
645 4350 798 4426 frigoribus
811 4349 911 4407 mediis
925 4350 1111 4424 Hebrumque
1124 4351 1263 4424 bibamus,

524 4451 722 4527 Sithoniasque
735 4450 816 4508 nives
830 4449 933 4507 hiemis
946 4450 1094 4511 subeamus
1106 4454 1230 4527 aquosae:

523 4553 589 4613 Nec
601 4554 631 4623 fi,
648 4570 737 4628 quum
750 4551 872 4609 moriens
886 4551 943 4607 alta
955 4551 1027 4608 liber
1039 4564 1099 4609 aret
1111 4554 1142 4610 in
1155 4554 1242 4626 ulmo,

524 4655 697 4731 AEthiopum
709 4652 850 4711 versemus
863 4650 923 4710 ovis
935 4650 986 4709 sub
999 4652 1086 4711 fidere
1099 4655 1212 4715 Caneri.
