3492 6884
529 1787 589 1840 204
789 1783 1066 1855 AENEIDOS,
1216 1791 1324 1858 ι491.

524 1934 698 1995 Peuthesilea
711 1937 819 2010 furens,
840 1941 998 2019 mediisque
1011 1941 1041 1999 in
1053 1938 1182 1999 millibus
1193 1940 1284 2010 ardet,

523 2037 621 2095 Aurea
634 2038 801 2099 subnesiens
814 2044 931 2101 exsertae
943 2044 1061 2120 cingula
1075 2059 1218 2112 mamma,

522 2140 677 2214 Bellatrix;
698 2144 841 2220 audetque
853 2146 922 2203 viris
933 2164 1100 2203 ooncurrere
1112 2144 1204 2221 virgo.

562 2244 634 2301 Haec
648 2245 727 2315 dum,
748 2247 896 2306 Dardanio
908 2248 1013 2305 AEneae
1025 2247 1163 2315 miranda,
1176 2246 1321 2318 videntur,

522 2345 605 2405 Dum
617 2346 718 2424 stupet,
739 2350 900 2426 obtutuque
913 2350 1001 2407 haeret
1013 2349 1124 2407 defixus
1135 2348 1167 2405 in
1180 2368 1254 2420 un03

523 2447 633 2525 Regina
646 2450 682 2506 ad
695 2451 845 2526 templum,
865 2451 959 2509 forma
971 2451 1172 2529 pulcherrima,
1192 2451 1271 2510 Dido

522 2549 647 2618 Ineesiit,
667 2552 772 2628 magni
780 2550 923 2629 juvenum
935 2552 1055 2630 stipante
1067 2553 1190 2611 catervi.

521 2651 625 2709 omlis
638 2652 669 2709 in
681 2654 795 2711 Eurota
807 2654 886 2730 ripis,
906 2666 956 2712 aut
967 2674 1019 2731 per
1027 2653 1099 2732 juga
1112 2654 1233 2731 Cynthi,

521 2754 641 2813 Exeroet
654 2754 748 2813 Diana
762 2756 877 2827 choreo3
899 2776 986 2832 quam
999 2757 1080 2814 mille
1093 2755 1197 2815 secutae

520 2859 600 2917 Hinc
613 2867 699 2935 atque
711 2859 780 2917 hinc
793 2860 988 2937 glomerantur
998 2860 1136 2917 Oreades:
1158 2860 1208 2918 illa
1217 2859 1321 2937 phare·

600 2969 673 3019 trum

520 3062 587 3121 Fert
594 3062 724 3132 humero,
736 3063 926 3141 gradiensque
933 3064 999 3121 dees
1010 3062 1202 3139 supereminet
1211 3064 1320 3138 omniur

519 3165 639 3223 Latonae
652 3166 772 3223 tacitum
785 3176 950 3242 pertentant
963 3163 1067 3242 gaudia
1080 3166 1191 3241 pestus:

518 3266 599 3325 Talis
612 3277 673 3325 erat
686 3267 774 3333 Dido,
796 3268 884 3326 talem
897 3267 925 3325 se
938 3268 1003 3325 leta
1016 3267 1127 3326 ferebat

521 3369 574 3426 Per
586 3368 704 3437 medios,
722 3369 828 3427 instans
841 3369 929 3446 operi,
950 3370 1102 3446 regnisque
1116 3369 1230 3429 futuris.

518 3471 597 3528 Tum
610 3471 718 3528 foribus
731 3471 814 3540 divae,
835 3471 930 3529 media
944 3471 1083 3529 testudine
1096 3473 1209 3549 templi,

520 3572 613 3649 Saepta
626 3573 720 3641 armis,
740 3573 867 3649 solioque
881 3573 938 3631 alte
952 3572 1082 3642 subnixa,
1102 3574 1216 3634 resedit.

519 3676 588 3752 Jura
602 3675 697 3745 dabat,
718 3676 861 3751 legesque,
880 3674 961 3747 viris3
983 3694 1158 3753 operumque
1170 3677 1299 3737 laborem

518 3777 649 3836 Partibus
662 3780 792 3853 aequabat
799 3776 891 3854 justis,
911 3787 961 3835 aut
974 3777 1048 3836 sorte
1061 3778 1206 3837 trahebat:

520 3880 622 3937 Quum
636 3879 730 3937 subito
743 3880 852 3936 AEneas
865 3878 1004 3937 concursu
1016 3880 1153 3939 adeedere
1166 3901 1274 3959 magno

517 3981 645 4049 Anthea,
671 3981 887 4057 Sergestumque
910 3980 999 4050 videt,
1026 3982 1187 4059 fortemque
1210 3986 1317 4045 Cloan-

598 4083 691 4149 thum,

516 4185 752 4259 Teucrorumque
765 4184 848 4241 alios:
871 4193 933 4242 ater
946 4205 1016 4261 quoa
1029 4206 1142 4263 aequore
1156 4190 1241 4246 turbo

517 4286 692 4363 Dispulerat‚
712 4286 882 4363 penitusque
895 4287 964 4345 alias
977 4299 1109 4347 avexerat
1122 4309 1193 4349 orae.

516 4390 673 4467 Obstupuit
686 4390 768 4448 simui
782 4389 851 4466 ipse,
873 4391 955 4448 simul
968 4391 1110 4467 percussus
1123 4393 1250 4452 Achaten

517 4492 687 4568 Laetitiique
702 4502 851 4567 metuque:
874 4492 951 4550 avidi
964 4492 1137 4570 conjungere
1150 4496 1265 4555 dextrae

516 4596 665 4654 Ardebant
670 4618 678 4665 ς
701 4592 750 4652 sed
763 4613 806 4652 res
819 4595 930 4651 animos
942 4593 1090 4671 incognita
1104 4599 1211 4657 turbat.

516 4698 701 4772 Dissimulant
706 4722 716 4771 r
737 4707 766 4756 et
780 4698 858 4758 nube
869 4697 939 4757 cavi
952 4695 1132 4776 speculantur
1143 4701 1252 4772 amisti,
