3492 6884
506 1722 555 1776 '88
747 1717 1076 1789 GEORGICON,
1201 1725 1311 1778 v.125.

517 1874 616 1932 Quem
626 1874 725 1952 legere
736 1876 851 1946 ducem,
869 1888 900 1935 et
911 1876 1009 1954 penori
1020 1876 1119 1934 dixere
1130 1873 1282 1941 maritum

514 1976 712 2054 Florentisque
724 1979 821 2037 secant
833 1980 943 2049 herbas,
963 1980 1124 2053 tiuvioeque
1141 1976 1313 2045 ministrant,

501 2081 671 2157 ⁴Furraque5
693 2102 730 2140 ne
740 2084 846 2141 blando
858 2094 982 2160 nequeat
994 2081 1132 2159 supereffe
1145 2081 1252 2139 labori:

513 2183 696 2261 lnvalidique
707 2199 823 2262 patrum
835 2187 960 2244 referant
968 2185 1078 2262 jejunia
1091 2185 1162 2242 uati.

512 2284 569 2363 Ipli
583 2298 681 2344 autern
693 2288 786 2346 macie
799 2300 920 2346 tenuant
932 2299 1060 2346 armema
1073 2288 1213 2357 volentet3

512 2391 622 2467 Atque,
643 2392 695 2450 nbi
706 2393 877 2451 concubitus
889 2393 996 2470 primos
1004 2392 1066 2469 jam
1079 2403 1147 2450 nota
1160 2391 1292 2471 voluptas

513 2493 665 2563 Sollicitat,
685 2495 851 2571 frondisque
864 2506 981 2571 negant,
996 2506 1026 2553 et
1039 2495 1170 2552 sontibus
1182 2504 1291 2554 arcent.

512 2597 593 2673 Saepe
605 2597 694 2655 etiarn
707 2597 791 2655 cursu
804 2599 950 2674 quatiunt,
969 2609 999 2656 et
1011 2598 1068 2655 sole
1080 2597 1213 2673 fatigant,

511 2699 615 2757 Quum
625 2700 750 2776 graviter
757 2700 846 2757 tunlir
855 2701 948 2776 gemit
957 2719 1021 2758 area
1032 2700 1174 2777 frugibus,
1181 2710 1211 2757 et
1217 2716 1311 2776 quum

511 2801 684 2878 Surgentem
697 2803 732 2859 ad
745 2802 914 2879 Yephyrum
927 2804 1016 2880 paleae
1023 2802 1169 2879 jaciantur
1180 2802 1290 2860 hanes.

510 2903 578 2961 Hoc
590 2903 711 2973 faciunt,
731 2905 823 2963 nimio
837 2925 874 2963 ne
886 2905 960 2962 luxu
972 2905 1098 2963 obtulior
1110 2904 1177 2961 usus

511 3006 555 3063 Sit
569 3006 691 3083 genitali
705 3026 781 3077 arvo,
802 3021 832 3065 et
844 3008 936 3066 sulcos
948 3008 1069 3065 oblimet
1081 3007 1199 3077 inertis;

509 3109 564 3166 Sed
576 3108 668 3185 rapiat
679 3109 774 3168 titicus
786 3110 940 3178 Venerem,
954 3110 1131 3186 interiusque
1144 3110 1289 3167 recondat

547 3210 666 3281 Rursus,
683 3231 751 3270 cura
766 3222 882 3290 patrum
899 3213 1010 3282 cadere,
1030 3225 1061 3269 et
1080 3211 1231 3271 succedere
1246 3230 1309 3269 ma·

627 3325 715 3384 trum,

506 3416 627 3494 Incipit.
664 3418 778 3477 Exactis
791 3418 918 3495 gravida
931 3437 1023 3493 quum
1036 3418 1179 3476 mentibus
1191 3426 1296 3484 errant,

506 3519 537 3577 N
539 3538 577 3577 on
590 3519 654 3577 illas
667 3521 801 3598 gravibus
814 3522 967 3597 quisquam
973 3521 1045 3598 juga
1055 3522 1159 3578 ducere
1168 3517 1308 3597 plaustris,

508 3622 579 3680 Non
594 3622 667 3680 saltu
680 3624 810 3702 superare
822 3626 900 3682 viam
914 3625 948 3681 fit
961 3624 1062 3701 pallus,
1082 3633 1112 3682 et
1124 3622 1184 3681 acri

508 3726 633 3802 Carpere
645 3740 726 3804 prata
740 3730 821 3804 fuga,
842 3728 1001 3804 fluviosque
1013 3728 1115 3785 inuare
1126 3746 1250 3804 rapacer.

508 3829 633 3887 Saltibus
646 3830 677 3887 in
691 3832 787 3888 vacuis
800 3829 927 3906 pascant,
946 3842 977 3888 et
988 3831 1074 3907 plena
1086 3829 1245 3888 secuudum

506 3931 654 3989 Flumina:
676 3931 789 3989 muscus
800 3932 861 3999 ubi,
875 3943 905 3989 et
914 3932 1080 3991 viridiffirna
1092 3932 1223 4009 gramine
1235 3932 1306 4011 ripa,

492 4032 712 4109 'Speluncaeque
725 4044 833 4109 tegant,
854 4046 885 4092 et
899 4034 981 4094 saxea
995 4038 1132 4112 procubet
1144 4038 1256 4096 umbra.

544 4135 592 4190 Est
605 4135 684 4192 lucos
698 4136 783 4192 Silari
795 4136 880 4206 circa,
894 4138 1066 4213 ilicibusque
1078 4138 1221 4196 virentem

503 4236 647 4294 Plurimus
660 4238 827 4296 Alburnum
840 4240 973 4311 volitans,
995 4241 1064 4318 quoi
1078 4260 1184 4298 nomen
1197 4240 1267 4300 afilo

504 4339 668 4396 Romanum
681 4340 730 4408 est,
749 4341 864 4402 uestrum
878 4343 960 4400 Graii
972 4354 1082 4401 vertere
1095 4355 1244 4414 vocantem

502 4441 606 4518 Asper,
626 4445 726 4500 acerba
740 4442 855 4501 sonans:
878 4465 936 4521 quo
953 4456 1013 4504 tota
1027 4448 1163 4505 exterrita
1177 4447 1253 4507 silvis

502 4544 673 4621 Diffugiunt
686 4556 827 4616 armenta;
849 4547 923 4605 furit
936 4549 1097 4627 mugitibus
1110 4552 1200 4609 aethcr

502 4648 669 4720 Concufl‘us‚
690 4649 822 4726 filvaeque
835 4661 864 4709 et
878 4651 944 4710 ficei
957 4653 1020 4731 ripa
1032 4657 1171 4734 Tanagri.
