3492 6884
502 1823 531 1870 v.
543 1814 592 1882 97.
814 1808 914 1870 ΗΒ.
953 1807 978 1867 1.
1251 1814 1289 1865 4³
1379 1843 1382 1847 »

501 1965 539 2022 Et
551 1962 611 2040 qui,
629 1962 760 2041 proscifi'o
772 1984 835 2041 quae
848 1964 963 2023 suscitat
974 1981 1086 2040 aequore
1099 1942 1187 2040 tergi,

502 2064 607 2124 Rursus
618 2064 651 2122 in
663 2066 812 2141 obliquum
825 2068 906 2125 verso
920 2065 1078 2143 perrumpit
1088 2074 1188 2133 aratro,

501 2168 678 2243 Exercetque
687 2168 820 2242 frequens
829 2168 970 2238 tellurem,
983 2177 1068 2244 atque
1077 2167 1199 2243 imperat
1207 2164 1290 2223 arvis.

539 2268 668 2327 Humida
681 2267 796 2326 solstitia
809 2277 895 2344 atque
907 2268 1015 2327 hiemes
1027 2267 1123 2345 optate
1135 2268 1252 2335 serenas,

502 2370 646 2448 Agricolae
652 2394 661 2442 3
684 2370 804 2427 hiberno
816 2370 954 2427 laetissima
966 2371 1081 2447 pulvere
1094 2370 1177 2437 farra,

502 2473 598 2530 Laetus
610 2490 693 2547 ager:
716 2472 796 2528 nullo
808 2471 837 2529 se
849 2480 963 2529 tantum
976 2471 1067 2547 Myfia
1080 2470 1158 2528 culto

501 2574 604 2650 Jauat,
622 2573 723 2650 etipsa
737 2574 798 2631 suas
809 2573 949 2631 mirantur
961 2573 1086 2647 Gargara
1099 2569 1201 2629 meffie.

504 2675 586 2733 Quid
599 2676 701 2746 dicam,
717 2675 794 2752 jacto
806 2676 857 2750 qui
869 2675 976 2733 semine
989 2674 1148 2731 comminus
1160 2690 1225 2730 arva

502 2776 672 2853 Insequitur,
684 2777 868 2853 cumulosque
878 2776 936 2834 ruit
949 2777 1023 2834 male
1035 2774 1151 2852 pinguis
1163 2774 1272 2831 menae?

502 2879 615 2936 Deinde
627 2878 693 2937 satia
705 2879 826 2936 fluvium
838 2879 959 2947 inducit,
972 2878 1102 2954 rivosque
1114 2874 1271 2953 sequentis?

503 2979 550 3048 Et,
562 2999 652 3055 quum
662 2979 774 3037 exustus
786 2998 853 3055 ager
865 2979 1049 3037 morientibus
1062 2980 1159 3036 aestuat
1170 2976 1273 3046 herbis,

503 3082 587 3139 Fece!
611 3082 759 3158 supercilio
771 3082 866 3140 clivosi
882 3081 1002 3139 tramitis
1015 3082 1121 3139 undam

504 3184 610 3241 Elicit?
630 3184 679 3241 illa
693 3185 794 3241 cadens
808 3202 926 3241 raucum
938 3201 989 3259 per
1003 3183 1076 3241 levia
1088 3200 1217 3239 murmur

504 3286 576 3342 Saxa
590 3283 655 3353 ciet,
673 3285 862 3361 scatebrisque
875 3284 983 3342 arentia
996 3294 1134 3360 temperat
1146 3302 1222 3340 arva.

506 3385 597 3454 Quid,
609 3386 670 3460 qui,
683 3404 719 3442 ne
733 3386 854 3461 gravidis
865 3387 1032 3461 procumbat
1044 3386 1154 3442 culmus
1166 3382 1262 3448 aristis,

505 3486 662 3545 Luxuriem
675 3485 801 3561 segetum
815 3486 910 3543 teneri
923 3486 1047 3562 depascit
1059 3486 1089 3542 in
1101 3485 1199 3552 berbi,

506 3587 607 3644 Quum
619 3586 744 3663 primum
757 3585 845 3643 sulcos
858 3597 973 3662 aequaut
983 3586 1056 3644 sata?
1072 3585 1178 3662 quique
1186 3584 1296 3662 paludis

505 3688 676 3747 conlectum
688 3688 837 3745 humorem
850 3688 950 3745 bibula
963 3686 1078 3744 deducit
1090 3687 1191 3744 arend?

505 3788 671 3857 Praesertim,
689 3788 804 3846 incertis
818 3788 838 3845 fi
851 3789 993 3846 mensibus
1006 3789 1098 3846 amnia
1111 3788 1258 3846 abundans

504 3890 583 3962 Exit,
602 3900 630 3949 et
642 3890 764 3950 obducto
776 3890 833 3947 late
847 3899 926 3947 tenet
938 3890 1034 3948 omnia
1045 3890 1128 3948 limo:

505 3993 591 4051 Unde
603 4011 681 4050 cavae
694 3992 790 4068 tepido
803 3991 906 4049 sudant
918 3992 1036 4050 humore
1049 3994 1166 4051 lacunae.

543 4094 609 4152 Nec
622 4106 727 4162 tamen,
740 4093 801 4150 haec
811 4111 901 4168 quum
913 4094 967 4150 fint
978 4094 1185 4171 hominumque
1194 4097 1295 4153 boum-

582 4214 640 4272 que
651 4197 758 4254 labores

505 4297 651 4356 Versando
664 4308 766 4355 terram
779 4298 899 4375 experti,
918 4297 991 4356 nihii
1003 4298 1137 4375 inprobus
1146 4285 1239 4369 auser,

508 4400 732 4477 Strymoniaeque
746 4419 837 4476 grues,
856 4396 885 4457 el
898 4400 999 4459 amaris
1012 4401 1112 4458 intuba
1126 4401 1214 4470 fibris,

507 4502 658 4569 Officiuut,
677 4512 727 4560 aut
740 4503 838 4559 umbra
852 4511 943 4559 uocet.
976 4503 1057 4560 Pater
1070 4501 1129 4579 ipse
1142 4502 1254 4560 colendi

508 4602 594 4661 Haud
602 4603 717 4661 facilem
724 4603 778 4660 eise
785 4604 862 4661 viam
870 4603 959 4661 voluit
964 4628 972 4674 3
982 4603 1145 4679 primusque
1152 4624 1202 4681 per
1209 4614 1297 4663 artem

508 4705 603 4764 Movit
617 4723 706 4782 agros,
726 4705 800 4764 curis
813 4723 915 4764 acuens
928 4705 1058 4764 mortalia
1071 4706 1167 4776 corda;
