3492 6884
499 1790 531 1832 v.
543 1779 607 1829 152.
808 1773 906 1832 LIB.
944 1774 969 1833 I.
1245 1780 1283 1843 47

486 1921 637 1984 ’θααίιιιιεε
658 1924 803 1984 intereunt
816 1927 937 2007 segetes,
958 1928 1034 1987 subit
1048 1927 1143 2005 aspera
1156 1927 1232 1997 filva,

494 2030 655 2104 Lappaeque
667 2028 839 2105 tribulique;
860 2032 991 2106 interque
1004 2029 1124 2087 nitentia
1137 2029 1214 2087 culta

492 2129 599 2187 Infelix
612 2130 720 2200 lolium,
740 2142 769 2189 et
782 2132 885 2189 steriles
897 2133 1081 2212 dominantur
1093 2149 1199 2189 avenae.

493 2231 590 2299 Quod,
603 2231 655 2288 nifi
667 2242 698 2289 et
710 2232 831 2291 adfiduis
845 2229 1132 2291 terramiuseetabere
1144 2230 1246 2301 rastris,

491 2334 530 2391 Et
542 2332 637 2390 sonitu
650 2334 766 2391 terrebis
779 2354 853 2403 aves,
872 2334 985 2392 etruria
997 2334 1078 2411 opaci

491 2434 574 2492 Falce
586 2454 696 2512 premes
708 2437 832 2504 umbras,
845 2436 973 2511 votisque
987 2434 1129 2493 vocaveris
1144 2434 1281 2492 imbremz

490 2535 571 2593 Heu!
592 2554 729 2611 magnrun
741 2535 855 2593 alterius
868 2536 968 2593 frustra
981 2535 1117 2613 speciabis
1130 2554 1271 2603 acervum,

491 2636 689 2712 Concussaque
702 2638 808 2694 samem
820 2638 851 2694 in
866 2637 940 2695 iilvis
952 2638 1075 2695 solabere
1088 2656 1204 2713 quercu.
1267 2691 1270 2695 ,

529 2739 693 2798 Dicendum
705 2748 743 2807 et,
756 2758 820 2813 quae
834 2739 889 2795 fint
901 2739 979 2797 duris
992 2738 1145 2816 agrestibus
1158 2756 1236 2795 arma
1243 2762 1253 2809 5

491 2840 565 2897 Quis
578 2822 636 2897 sine
648 2858 701 2896 nec
712 2850 830 2916 potuere
842 2840 905 2910 seri,
924 2859 977 2897 nec
989 2838 1110 2916 surgere,
1128 2839 1235 2897 melier.

490 2940 601 3009 Vomis,
619 2950 649 2997 et
661 2940 762 2997 inflexi
774 2941 901 3016 primum
914 2960 999 3019 grave
1012 2943 1097 2999 robur
1109 2941 1204 3010 aratri,

489 3043 639 3117 Tardaque
652 3041 789 3099 Eleufinae
802 3043 900 3100 matris
912 3043 1054 3101 volventia
1067 3042 1197 3118 plaustra,

487 3143 673 3219 Tribulaque,
687 3142 855 3218 traheaeque,
873 3154 904 3200 et
915 3144 1017 3218 iniquo
1029 3145 1152 3220 pondere
1165 3142 1259 3200 rastri:

488 3244 595 3319 Virgea
606 3254 740 3320 praeterea
753 3245 833 3302 Celei
848 3245 970 3320 vilisque
983 3245 1119 3322 supellex,

487 3346 624 3402 Arbuteae
637 3354 734 3415 crates,
754 3356 783 3402 et
795 3346 912 3420 mystica
924 3366 1032 3404 vannus
1046 3346 1152 3404 Iacchi.

488 3445 596 3503 Omnia
609 3465 672 3520 quae
685 3446 777 3503 multo
789 3456 855 3503 ante
867 3466 977 3504 memor
993 3448 1103 3524 provisa
1116 3465 1240 3524 repones,

488 3548 517 3605 Si
531 3558 560 3604 te
572 3546 660 3623 digna
673 3556 770 3604 manet
781 3547 872 3604 divini
886 3547 976 3623 gloria
989 3548 1070 3605 ruris.

488 3649 636 3722 Continuo
647 3648 678 3706 in
691 3648 765 3706 silvis
777 3648 881 3723 magna
894 3649 923 3706 vi
936 3649 1011 3708 flexa
1023 3650 1153 3707 domatur

487 3752 522 3808 In
535 3750 631 3808 burim
644 3760 673 3806 et
686 3748 765 3807 curvi
779 3750 900 3807 formam
913 3749 1020 3826 adcipit
1032 3750 1126 3807 ulmus
1138 3750 1238 3822 aratri,

486 3854 566 3912 Huic
578 3872 595 3911 a
608 3853 691 3929 stirpe
701 3853 786 3929 pedes
800 3861 877 3909 temo
888 3862 1035 3928 protentus
1046 3853 1079 3909 in
1091 3854 1172 3924 0803

485 3956 565 4013 Binae
577 3973 667 4022 aures,
687 3952 794 4030 duplici
807 3962 940 4028 aptantur
952 3953 1075 4011 dentalia
1088 3954 1176 4012 dorso.

486 4056 613 4116 Caeditur
626 4065 656 4113 et
669 4054 731 4112 tilia
742 4067 810 4112 ante
818 4051 891 4131 jugo
903 4053 981 4124 levis,
1002 4055 1115 4130 altaque
1127 4055 1210 4133 fagur

484 4158 580 4223 stivae.
600 4176 664 4233 quae
677 4175 774 4214 currus
788 4175 804 4213 a
817 4165 898 4230 tergo
911 4166 1040 4230 torqueat
1053 4155 1140 4229 imos,

484 4261 522 4318 Et
535 4257 663 4336 suspensa
675 4258 748 4315 focis
759 4257 888 4334 explorat
900 4258 998 4314 robora
1010 4258 1116 4315 sumus.

523 4360 633 4419 Polsum
645 4359 736 4416 multa
750 4358 804 4415 tibi
817 4367 945 4415 veterum
959 4369 1097 4435 praecepta
1109 4360 1212 4417 referre
1216 4385 1227 4433 3
1275 4421 1277 4425 ,

484 4462 526 4520 Ni
539 4461 655 4538 refugis,
677 4459 825 4534 tenuisque
837 4459 919 4535 piget
931 4459 1098 4535 cognoscere
1113 4479 1203 4519 curas.

483 4566 561 4622 Area
572 4583 639 4622 cum
651 4561 751 4639 primis
765 4560 878 4637 ingenti
889 4562 1026 4636 aequanda
1038 4561 1177 4637 cylindro,

482 4666 520 4723 Et
533 4665 665 4725 vertenda
677 4681 774 4733 manu,
793 4670 823 4721 et
835 4662 911 4720 creta
924 4661 1066 4721 solidanda
1079 4662 1186 4732 tenaci3
