3492 6884
901 1750 959 1791 v.
983 1738 1122 1805 477.
1553 1738 1604 1804 C
1631 1740 1659 1796 1
1688 1739 1738 1802 R
1767 1739 1794 1797 1
1820 1740 1877 1799 S.
2391 1739 2496 1819 ιδῃ

899 1854 1299 1967 AEginamque
1325 1891 1508 1959 fimul,
1551 1894 2085 1971 sementiferamque
2112 1893 2435 1972 Seriphum,

898 1990 1117 2060 Fertur,
1157 2002 1218 2051 et
1241 1992 1475 2053 incertis
1490 1996 1738 2073 jactatur
1764 1998 1837 2055 ad
1861 1997 2051 2054 omnia
2080 1996 2291 2068 ventis:

896 2093 1124 2170 Cymba
1145 2097 1321 2166 velut,
1349 2117 1588 2175 magnas
1612 2100 1867 2176 sequitur
1890 2120 2027 2158 cum
2045 2101 2281 2177 parvula
2303 2100 2505 2173 claffis,

764 2214 774 2220 ·
893 2196 1045 2255 Afer
1066 2209 1126 2255 et
1151 2198 1393 2258 hiberno
1419 2201 1729 2260 bacchatur
1754 2201 1814 2259 in
1840 2220 2068 2278 aequore
2094 2204 2279 2260 turbo,

895 2298 1101 2359 Donec
1128 2302 1243 2359 tale
1267 2302 1440 2361 decus
1466 2303 1666 2361 formae
1691 2304 1942 2370 vexavit,
1981 2312 2043 2361 et
2067 2322 2248 2379 aegros

892 2400 1035 2460 Non
1062 2403 1217 2472 tulit,
1257 2414 1318 2462 et
1343 2404 1575 2463 miseros
1601 2405 1851 2463 mutavit
1876 2405 2119 2482 virginis
2144 2416 2320 2475 artus,

895 2504 1159 2563 Caeruleo
1181 2506 1403 2584 pollens
1427 2506 1681 2583 conjunx
1705 2507 2002 2583 Neptunia
2031 2526 2228 2584 regno.

893 2606 1006 2665 Sed
1031 2615 1226 2665 tamen
1252 2618 1554 2667 externam
1579 2609 1829 2685 squamis
1858 2609 2060 2668 vestire
2083 2609 2358 2687 puellam,

890 2710 1222 2788 Infidosque
1247 2712 1400 2771 inter
1426 2722 1685 2771 teneram
1709 2712 2052 2787 conmittere
2076 2711 2265 2790 piscis,

891 2811 1031 2870 Non
1075 2813 1290 2873 statuit.
1369 2814 1645 2873 Nimium
1679 2815 1759 2874 est
1795 2815 2028 2874 avidum
2052 2835 2226 2893 pecus
2251 2813 2503 2893 Amphi-

1046 2916 1228 2975 trites.

887 3016 1092 3075 Aereis
1115 3018 1307 3095 potius
1332 3018 1638 3077 sublimem
1667 3019 1890 3077 sustulit
1914 3019 2040 3089 aliz,

886 3120 1042 3179 Effet
1068 3130 1134 3179 ut
1160 3121 1224 3178 in
1253 3122 1416 3179 terris
1441 3122 1580 3180 faffl
1605 3123 1677 3180 de
1703 3123 1939 3180 nomine
1968 3121 2137 3191 Ciris,

887 3222 1036 3280 Ciris
1063 3223 1371 3299 Amyclaeo
1395 3224 1691 3281 formofior
1714 3224 1910 3282 ansere
1939 3225 2127 3281 Ledae.

885 3326 996 3393 Ac,
1036 3325 1198 3382 velut
1222 3324 1285 3382 in
1312 3305 1481 3382 nivefo
1507 3335 1716 3382 tenerae
1741 3344 1876 3383 cum
1900 3325 2168 3402 primitus
2192 3344 2301 3383 ovo

884 3425 1123 3504 Effigies
1147 3426 1457 3484 animantis
1483 3436 1541 3483 et
1569 3426 1892 3484 internodia
1919 3426 2196 3483 membris

880 3528 1207 3607 Inperfecta
1233 3547 1384 3586 novo
1409 3528 1643 3586 fluitant
1665 3539 1929 3586 concreta
1955 3527 2175 3599 calore3

882 3631 976 3690 Sic
1001 3630 1223 3708 liquido
1249 3630 1454 3707 Scyllae
1480 3628 1894 3688 circumfustun
1918 3647 2146 3706 aequore
2172 3647 2378 3706 corpus

881 3733 1150 3800 Semiferi
1175 3732 1410 3797 incertis
1435 3732 1613 3790 etiam
1640 3751 1797 3789 nunc
1819 3732 2078 3808 partibus
2106 3742 2263 3789 artus

881 3835 1158 3912 Undique
1184 3835 1507 3903 mutabant,
1547 3844 1721 3910 atque
1746 3834 2004 3910 undique
2028 3836 2425 3893 mutabantur.

879 3938 1018 3997 Oris
1042 3937 1225 3995 honos
1248 3937 1524 4014 primum,
1565 3947 1626 3994 et
1649 3936 1849 3994 multis
1874 3946 2070 4013 optata
2097 3935 2321 4006 labella,

879 4042 959 4098 Et
982 4040 1195 4117 patulae
1223 4039 1428 4096 frontis
1454 4038 1685 4115 species,
1725 4037 2084 4096 concrescere
2111 4037 2173 4096 in
2203 4056 2385 4097 unum

878 4143 1140 4219 Coepere,
1179 4151 1240 4200 et
1265 4141 1467 4218 gracili
1494 4150 1757 4198 mentum
1782 4142 2095 4217 producere
2123 4140 2315 4199 rostro,

873 4246 1051 4313 Tum,
1090 4244 1207 4320 qua
1235 4243 1291 4302 se
1318 4241 1576 4301 medium
1600 4243 1803 4320 capitis
1831 4243 2134 4302 discrimen
2162 4244 2387 4321 agebat,

874 4348 1048 4406 Eece!
1093 4357 1343 4423 repente,
1369 4344 1530 4403 velut
1554 4345 1766 4422 patrios
1791 4346 2050 4404 imitatus
2076 4346 2337 4416 honores,

876 4449 1187 4507 Puniceam
1214 4446 1489 4505 concuffit
1517 4466 1661 4523 apex
1687 4447 1752 4505 in
1779 4448 1990 4506 vertice
2014 4447 2259 4507 cristam.

873 4552 978 4620 At,
1017 4549 1207 4608 mollis
1233 4550 1415 4607 varios
1441 4549 1700 4606 intexens
1725 4548 1922 4624 pluma
1946 4550 2182 4618 colores,

874 4633 1269 4713 Marmoreum
1295 4650 1510 4710 volucri
1538 4650 1764 4709 vestivit
1791 4651 2044 4728 tegmine
2070 4670 2294 4729 corpus,
