3492 6884
526 1793 583 1862 su
755 1780 1084 1854 cnoncrcou,
1210 1783 1318 1861 esst.

521 1935 570 2000 Bis
582 1938 714 2017 gravidos
725 1947 835 2015 cogunt
848 1937 932 2005 setus,
952 1938 1010 2009 duo
1023 1948 1151 2015 tempora
1164 1938 1269 2009 medin

520 2043 652 2119 Taygete
665 2041 747 2099 simul
761 2060 792 2098 os
807 2040 888 2098 terris
899 2038 1021 2097 ostendit
1033 2039 1183 2099 honestum

520 2146 604 2216 Plias,
624 2155 654 2203 et
667 2143 777 2202 Oceani
790 2143 897 2219 spretos
908 2142 980 2218 pede
992 2142 1098 2219 repulit
1110 2137 1217 2216 sinnius

520 2251 585 2308 Aut
598 2249 698 2306 eadem
711 2247 785 2304 srdus
797 2245 913 2322 fugiens
925 2244 977 2302 ubi
989 2243 1076 2302 Piscis
1088 2245 1184 2322 aquofi

519 2351 639 2411 Tristior
652 2350 784 2409 hibernas
796 2348 869 2405 coelo
882 2346 1027 2404 descendit
1040 2347 1072 2405 in
1085 2349 1187 2406 undas.

560 2454 622 2512 luis
634 2454 676 2511 irs
690 2453 809 2510 modurn
823 2449 906 2526 supra
920 2448 972 2517 est,
987 2448 1116 2526 laesaeque
1129 2469 1278 2531 venenum¹

519 2557 662 2618 Morssbus
674 2555 823 2631 inspirant,
842 2564 872 2609 et
886 2551 992 2629 spicula
1005 2571 1080 2611 caecs
1093 2553 1263 2629 relinquunt

520 2660 636 2718 Adfixae
648 2657 739 2726 venis,
756 2656 922 2731 animasque
937 2655 965 2712 in
979 2655 1094 2714 volnere
1106 2667 1229 2733 ponunt.

559 2763 609 2834 Sin
623 2762 723 2819 duram
734 2768 845 2817 metues
856 2757 994 2827 hiemem,
1012 2778 1165 2835 parcesque
1177 2759 1285 2831 futuro,

520 2862 719 2939 Contusosque
731 2862 841 2920 animos
853 2870 883 2919 et
896 2879 940 2918 res
953 2860 1121 2920 miserabere
1133 2861 1248 2933 fiscina

519 2968 565 3026 At
576 2966 672 3024 suffire
685 2965 796 3042 thymo,
814 2981 948 3039 cerasque
960 2963 1086 3022 recidere
1098 2964 1201 3034 inanis,

521 3068 598 3129 Quis
609 3067 739 3126 dubitet?
761 3085 829 3125 nam
841 3066 915 3143 saepe
928 3065 1007 3124 favos
1019 3065 1136 3142 ignotus
1148 3067 1245 3125 adedit

520 3172 635 3242 Stellio;
656 3182 686 3228 et
698 3167 834 3246 lucifugis
847 3168 979 3245 congesta
991 3168 1098 3227 cubilia
1111 3168 1209 3227 blattis
1214 3194 1224 3241 3

520 3275 710 3350 Inmunisque
723 3272 821 3331 sedens
833 3272 926 3330 aliena
939 3271 975 3328 ad
988 3270 1094 3348 pabula
1106 3271 1199 3340 sucus,

520 3381 585 3436 Aut
597 3377 677 3454 asper
689 3378 790 3434 crabro
801 3374 949 3452 inparibus
962 3373 991 3432 se
1003 3373 1151 3433 inmiscuit
1163 3374 1262 3446 annis3

519 3482 584 3540 Aut
597 3480 701 3550 dirum,
721 3478 815 3547 tinec,
836 3497 940 3554 genus3
962 3488 1012 3535 aut
1024 3477 1117 3536 invisa
1129 3478 1270 3536 Minertae

519 3586 614 3643 Laxos
626 3583 657 3641 in
670 3582 779 3640 foribus
793 3579 938 3657 suspendit
952 3600 1054 3639 aranea
1066 3579 1160 3638 casses.

521 3688 590 3745 Quo
604 3685 695 3763 magis
708 3684 849 3743 exhanstae
862 3682 980 3753 fuerint,
999 3683 1054 3741 hoc
1067 3682 1158 3741 acrius
1170 3701 1269 3741 omnes

519 3789 692 3848 Incumbent
707 3787 819 3863 generis
831 3786 900 3863 lnpfi
914 3784 1015 3843 sarcire
1027 3784 1132 3854 ruinas,

428 3971 431 3976 ἡ
519 3892 761 3968 Conplcbuntque
774 3889 859 3956 soros,
878 3899 907 3944 et
921 3887 1038 3946 floribus
1049 3887 1149 3946 horres
1163 3898 1272 3945 texent.

558 3995 587 4051 Si
601 4013 676 4063 vero,
696 3991 832 4068 quoniam
844 3989 923 4047 casus
935 3990 1035 4066 apibus
1048 4007 1162 4066 quoque
1175 3989 1282 4048 nostros

517 4096 587 4155 Vita
601 4095 679 4164 tulit,
700 4094 770 4152 trisii
783 4094 961 4169 languebunt
974 4111 1090 4169 corpora
1103 4094 1216 4164 morb0;

519 4199 608 4258 Quod
617 4197 678 4274 jam
691 4214 748 4253 non
762 4195 856 4252 dubiis
869 4194 975 4270 poteris
987 4195 1156 4271 cognoscere
1169 4194 1272 4272 tignis:

517 4300 680 4378 (Continuo
693 4300 732 4357 est
745 4298 827 4394 aegris
840 4297 912 4356 alius
925 4298 1015 4369 color3
1037 4298 1150 4357 horrida
1161 4299 1275 4357 vultum

516 4405 671 4465 Deformat
683 4402 799 4473 macies;
822 4411 886 4458 tum
899 4420 1014 4477 corpora
1027 4401 1092 4459 luce
1103 4414 1253 4460 carentum

516 4509 677 4585 Erportant
689 4505 779 4571 tectis,
798 4513 828 4562 et
842 4502 931 4561 tritiia
944 4505 962 4561 s
960 4522 1045 4561 unera
1058 4505 1183 4574 ducunt;

516 4614 580 4672 Aut
591 4610 650 4668 illae
662 4609 781 4686 pedibus
794 4626 930 4665 connexae
942 4607 978 4664 sd
991 4606 1091 4664 limins
1105 4608 1240 4682 pendent,

516 4716 579 4773 Aut
590 4715 670 4790 intus
681 4712 781 4772 clsusrs
792 4710 963 4770 cunsisntur
975 4708 1008 4767 in
1019 4709 1139 4792 sedibus,
1151 4728 1251 4770 omnes
