3492 6884
567 1779 627 1839 Μ
824 1781 1102 1855 AENEIDOS,
1254 1791 1362 1847 mm.

567 1936 735 2013 Conpellare
748 1935 851 2005 virum,
870 1945 901 1994 et
914 1938 1022 1996 maestas
1031 1957 1199 2016 expromere
1211 1958 1308 1999 voum

565 2039 595 2096 0
608 2038 659 2096 lux
673 2039 836 2098 Dardanias
859 2040 920 2116 spes
930 2060 948 2097 ο
960 2042 1091 2099 fidiffima
1103 2043 1262 2100 Teucrum!

567 2141 642 2199 Quae
656 2152 743 2201 tantae
756 2151 872 2200 tenuere
885 2147 987 2201 morae?
1008 2144 1112 2221 quibus
1123 2145 1230 2204 Hestor
1241 2147 1277 2204 ab
1289 2145 1348 2206 oris

564 2244 732 2322 Exspectate
744 2246 840 2302 venis?
860 2256 895 2302 ut
907 2255 945 2314 te,
965 2248 1026 2322 post
1039 2248 1130 2305 multa
1144 2258 1259 2306 tuorum
1354 2324 1357 2330 Ι

563 2346 681 2416 Funera,
695 2349 756 2424 post
767 2348 858 2406 varios
871 2348 1083 2425 hominumque
1095 2351 1228 2427 urbisque
1240 2352 1361 2424 labores,

562 2450 678 2519 Deseffi,
699 2450 884 2528 adspicimus!
908 2470 973 2526 quae
985 2451 1078 2510 caussa
1091 2452 1212 2530 indigna
1229 2452 1341 2514 serenos

562 2553 691 2611 Foedavit
705 2554 814 2611 voltus?
836 2565 886 2612 aut
899 2573 950 2611 cur
962 2554 1024 2612 haee
1036 2555 1151 2614 volnera
1163 2559 1264 2614 cerno?

561 2656 616 2715 nte
630 2656 716 2726 nihil;
738 2675 790 2714 nec
803 2675 858 2724 me,
879 2667 1054 2732 quaerentem
1066 2677 1148 2729 vana,
1168 2671 1307 2718 moratur:

561 2760 625 2827 ned,
639 2758 766 2835 graviter
778 2759 903 2835 gemitus
916 2762 974 2817 imo
988 2762 1023 2818 de
1035 2762 1149 2838 pestere
1163 2763 1278 2831 ducens,

560 2863 640 2921 Heu!
662 2862 742 2938 fuge,
753 2873 820 2921 nate
830 2864 893 2932 des,
908 2874 993 2939 teque
1003 2862 1057 2933 his,
1070 2865 1121 2934 ait,
1135 2865 1212 2943 eripe
1222 2866 1355 2927 flammis.

561 2965 658 3025 Hostis
670 2964 758 3023 habet
769 2984 878 3023 muros:
901 2965 960 3023 ruit
973 2965 1030 3024 alta
1045 2986 1060 3025 a
1074 2968 1200 3027 culmine
1211 2968 1307 3046 Troja.

562 3070 610 3126 Sat
623 3067 720 3145 patriae
732 3068 900 3144 Priamoque
914 3069 1024 3127 datum.
1064 3071 1093 3128 Si
1108 3072 1241 3147 Pergama
1254 3073 1355 3133 dextra

560 3170 686 3230 Desendi
699 3170 816 3247 possent,
836 3171 924 3229 etiam
938 3172 992 3229 hac
1005 3173 1120 3231 defensa
1134 3174 1259 3233 fuissent.

562 3275 645 3334 Sacra
658 3273 779 3350 suosque
792 3273 846 3331 tibi
858 3275 1031 3333 conmendat
1043 3276 1128 3352 Troja
1143 3278 1274 3338 Penatem

561 3377 624 3437 Hos
636 3396 706 3454 cape
717 3377 841 3435 satorum
855 3377 986 3435 comites:
1009 3377 1054 3436 his
1066 3380 1171 3438 moeuia
1182 3400 1286 3458 quaere,

560 3482 671 3558 Magna
683 3489 825 3558 pererrato
838 3481 939 3538 statues
951 3500 1016 3555 quae
1028 3483 1151 3559 denique
1162 3495 1261 3560 ponto.

559 3584 606 3642 Sic
619 3583 674 3642 ait:
696 3593 725 3640 et
739 3584 871 3641 manibus
884 3583 969 3642 vittas
981 3586 1153 3661 Vestamque
1165 3599 1312 3663 potentem

559 3687 772 3761 AEtemumque
785 3687 877 3762 adytis
889 3686 972 3744 effert
983 3690 1174 3764 penetralibus
1186 3691 1295 3767 ignem.

596 3788 716 3847 Diverso
728 3789 835 3846 interea
849 3788 1004 3848 miscentur
1015 3793 1120 3850 moenia
1133 3794 1227 3864 iusim

555 3892 594 3951 Et
607 3891 697 3967 magis
709 3903 795 3967 atque
807 3893 908 3968 magis,
921 3912 1093 3969 quamquam
1107 3895 1210 3954 secreta
1224 3900 1349 3974 parentis

474 3974 479 3981 ’
555 3994 690 4052 Anchisae
703 3995 804 4052 domus
817 3997 1017 4072 arboribusque
1027 3999 1138 4056 obtesta
1152 4001 1269 4068 recellit,

556 4095 692 4153 clarescit
705 4096 822 4165 sonitus,
842 4117 1042 4175 annorumque
1053 4100 1164 4178 ingruit
1176 4103 1285 4164 horror.

554 4198 692 4255 Excutior
704 4196 810 4266 somno,
830 4211 860 4256 et
871 4200 975 4259 summi
988 4202 1097 4278 fastigia
1113 4205 1178 4262 testi

553 4283 701 4358 Adscensu
715 4299 823 4376 supero,
843 4312 929 4378 atque
941 4305 1059 4363 adreffis
1072 4308 1186 4365 auribus
1198 4308 1287 4367 adsto:

552 4402 588 4460 ln
600 4401 724 4479 segetem
735 4402 824 4460 veluti
832 4423 922 4478 quum
932 4407 1057 4475 flamma,
1068 4408 1228 4468 furentibus
1238 4412 1345 4485 austrie,

553 4506 668 4575 Incidit,
688 4515 736 4565 aut
750 4507 863 4583 rapidus
877 4521 1014 4568 montano
1026 4512 1146 4569 flumine
1160 4524 1267 4571 torrens

551 4610 659 4669 Sternit
671 4628 763 4686 agros,
782 4610 879 4667 sternit
892 4611 951 4669 sata
964 4614 1038 4683 laeta,
1059 4616 1202 4691 boumque
1214 4618 1331 4688 labores,

551 4712 767 4790 Praecipitesque
780 4714 869 4772 trahit
882 4714 981 4775 silvas:
1001 4716 1092 4794 stupet
1104 4718 1208 4777 inscius
1220 4720 1280 4778 alto
