<?xml version="1.0" encoding="UTF-8"?>
<!DOCTYPE html PUBLIC "-//W3C//DTD XHTML 1.0 Transitional//EN"
    "http://www.w3.org/TR/xhtml1/DTD/xhtml1-transitional.dtd">
<html xmlns="http://www.w3.org/1999/xhtml" xml:lang="en" lang="en">
 <head>
  <title>
</title>
<meta http-equiv="Content-Type" content="text/html;charset=utf-8" />
  <meta name='ocr-system' content='tesseract 3.04.00' />
  <meta name='ocr-capabilities' content='ocr_page ocr_carea ocr_par ocr_line ocrx_word'/>
</head>
<body>
  <div class='ocr_page' id='page_1' title='image "./pvirgiliimaroni00wakegoog/pvirgiliimaroni00wakegoog_0242.png"; bbox 0 0 3492 6884; ppageno 0'>
   <div class='ocr_carea' id='block_1_1' title="bbox 507 1706 1302 1777">
    <p class='ocr_par' dir='ltr' id='par_1_1' title="bbox 507 1706 1302 1777">
     <span class='ocr_line' id='line_1_1' title="bbox 507 1706 1302 1777; baseline 0 -12"><span class='ocrx_word' id='word_1_1' title='bbox 507 1714 566 1766; x_wconf 77' lang='lat'>232</span> <span class='ocrx_word' id='word_1_2' title='bbox 774 1706 1052 1777; x_wconf 86' lang='lat' dir='ltr'>AENEIDOS,</span> <span class='ocrx_word' id='word_1_3' title='bbox 1192 1714 1302 1768; x_wconf 63' lang='lat' dir='ltr'>nus.</span> 
     </span>
    </p>
   </div>
   <div class='ocr_carea' id='block_1_2' title="bbox 507 1860 1308 3267">
    <p class='ocr_par' dir='ltr' id='par_1_2' title="bbox 507 1860 1305 2136">
     <span class='ocr_line' id='line_1_2' title="bbox 507 1860 1202 1936; baseline 0.003 -15"><span class='ocrx_word' id='word_1_4' title='bbox 507 1860 681 1921; x_wconf 67' lang='lat' dir='ltr'>Dardanide</span> <span class='ocrx_word' id='word_1_5' title='bbox 692 1870 791 1924; x_wconf 86' lang='lat' dir='ltr'>contra</span> <span class='ocrx_word' id='word_1_6' title='bbox 804 1866 898 1936; x_wconf 82' lang='lat' dir='ltr'>turris,</span> <span class='ocrx_word' id='word_1_7' title='bbox 918 1884 951 1925; x_wconf 87' lang='lat' dir='ltr'>ac</span> <span class='ocrx_word' id='word_1_8' title='bbox 963 1866 1037 1925; x_wconf 71' lang='lat' dir='ltr'>teda</span> <span class='ocrx_word' id='word_1_9' title='bbox 1048 1864 1202 1922; x_wconf 79' lang='lat' dir='ltr'>domorum</span> 
     </span>
     <span class='ocr_line' id='line_1_3' title="bbox 509 1963 1305 2043; baseline 0.001 -21"><span class='ocrx_word' id='word_1_10' title='bbox 509 1963 654 2034; x_wconf 82' lang='lat' dir='ltr'>eulmina,</span> <span class='ocrx_word' id='word_1_11' title='bbox 674 1966 852 2025; x_wconf 76' lang='lat' dir='ltr'>convelluntz</span> <span class='ocrx_word' id='word_1_12' title='bbox 874 1967 920 2026; x_wconf 78' lang='lat' dir='ltr'>hir</span> <span class='ocrx_word' id='word_1_13' title='bbox 937 1968 975 2037; x_wconf 87' lang='lat' dir='ltr'>sc,</span> <span class='ocrx_word' id='word_1_14' title='bbox 995 1966 1112 2043; x_wconf 85' lang='lat' dir='ltr'>quando</span> <span class='ocrx_word' id='word_1_15' title='bbox 1127 1964 1230 2024; x_wconf 80' lang='lat' dir='ltr'>ultima</span> <span class='ocrx_word' id='word_1_16' title='bbox 1244 1980 1305 2023; x_wconf 84' lang='lat' dir='ltr'>oer-</span> 
     </span>
     <span class='ocr_line' id='line_1_4' title="bbox 587 2076 671 2136; baseline -0.024 -10"><span class='ocrx_word' id='word_1_17' title='bbox 587 2076 671 2136; x_wconf 87' lang='lat' dir='ltr'>nunt,</span> 
     </span>
    </p>

    <p class='ocr_par' dir='ltr' id='par_1_3' title="bbox 509 2166 1236 2248">
     <span class='ocr_line' id='line_1_5' title="bbox 509 2166 1236 2248; baseline -0.001 -23"><span class='ocrx_word' id='word_1_18' title='bbox 509 2167 647 2225; x_wconf 77' lang='lat' dir='ltr'>Extremi</span> <span class='ocrx_word' id='word_1_19' title='bbox 655 2166 717 2245; x_wconf 86' lang='lat' dir='ltr'>jam</span> <span class='ocrx_word' id='word_1_20' title='bbox 730 2170 761 2226; x_wconf 90' lang='lat' dir='ltr'>in</span> <span class='ocrx_word' id='word_1_21' title='bbox 773 2179 865 2229; x_wconf 91' lang='lat' dir='ltr'>morte</span> <span class='ocrx_word' id='word_1_22' title='bbox 878 2180 982 2248; x_wconf 72' lang='lat' dir='ltr'>paunt</span> <span class='ocrx_word' id='word_1_23' title='bbox 993 2170 1145 2229; x_wconf 77' lang='lat' dir='ltr'>defendere</span> <span class='ocrx_word' id='word_1_24' title='bbox 1158 2167 1236 2227; x_wconf 69' lang='lat' dir='ltr'>telina</span> 
     </span>
    </p>

    <p class='ocr_par' dir='ltr' id='par_1_4' title="bbox 509 2271 1308 2348">
     <span class='ocr_line' id='line_1_6' title="bbox 509 2271 1308 2348; baseline 0.014 -22"><span class='ocrx_word' id='word_1_25' title='bbox 509 2271 693 2346; x_wconf 80' lang='lat' dir='ltr'>Auratasque</span> <span class='ocrx_word' id='word_1_26' title='bbox 706 2272 808 2339; x_wconf 80' lang='lat' dir='ltr'>trabes,</span> <span class='ocrx_word' id='word_1_27' title='bbox 821 2282 950 2330; x_wconf 84' lang='lat' dir='ltr'>vetemm</span> <span class='ocrx_word' id='word_1_28' title='bbox 963 2274 1064 2331; x_wconf 88' lang='lat' dir='ltr'>decora</span> <span class='ocrx_word' id='word_1_29' title='bbox 1077 2272 1134 2330; x_wconf 83' lang='lat' dir='ltr'>altu</span> <span class='ocrx_word' id='word_1_30' title='bbox 1146 2277 1308 2348; x_wconf 74' lang='lat' dir='ltr'>parcamur.</span> 
     </span>
    </p>

    <p class='ocr_par' dir='ltr' id='par_1_5' title="bbox 511 2373 1158 2434">
     <span class='ocr_line' id='line_1_7' title="bbox 511 2373 1158 2434; baseline 0 -2"><span class='ocrx_word' id='word_1_31' title='bbox 511 2373 691 2433; x_wconf 79' lang='lat' dir='ltr'>Devolvunt:</span> <span class='ocrx_word' id='word_1_32' title='bbox 713 2375 764 2432; x_wconf 92' lang='lat' dir='ltr'>alii</span> <span class='ocrx_word' id='word_1_33' title='bbox 777 2375 877 2433; x_wconf 73' lang='lat' dir='ltr'>strislis</span> <span class='ocrx_word' id='word_1_34' title='bbox 890 2376 1074 2434; x_wconf 80' lang='lat' dir='ltr'><strong>mucronibus</strong></span> <span class='ocrx_word' id='word_1_35' title='bbox 1085 2374 1158 2432; x_wconf 77' lang='lat' dir='ltr'>imas</span> 
     </span>
    </p>

    <p class='ocr_par' dir='ltr' id='par_1_6' title="bbox 510 2474 1192 2554">
     <span class='ocr_line' id='line_1_8' title="bbox 510 2474 1192 2554; baseline 0 -21"><span class='ocrx_word' id='word_1_36' title='bbox 510 2474 655 2535; x_wconf 83' lang='lat' dir='ltr'>Obsedere</span> <span class='ocrx_word' id='word_1_37' title='bbox 668 2476 757 2547; x_wconf 61' lang='lat' dir='ltr'>sorem</span> <span class='ocrx_word' id='word_1_38' title='bbox 779 2477 830 2535; x_wconf 84' lang='lat' dir='ltr'>has</span> <span class='ocrx_word' id='word_1_39' title='bbox 841 2477 953 2535; x_wconf 85' lang='lat' dir='ltr'>servant</span> <span class='ocrx_word' id='word_1_40' title='bbox 966 2477 1083 2554; x_wconf 82' lang='lat' dir='ltr'>agmine</span> <span class='ocrx_word' id='word_1_41' title='bbox 1095 2476 1192 2533; x_wconf 85' lang='lat' dir='ltr'>denso.</span> 
     </span>
    </p>

    <p class='ocr_par' dir='ltr' id='par_1_7' title="bbox 511 2577 1150 2655">
     <span class='ocr_line' id='line_1_9' title="bbox 511 2577 1150 2655; baseline -0.002 -19"><span class='ocrx_word' id='word_1_42' title='bbox 511 2577 664 2636; x_wconf 82' lang='lat' dir='ltr'>Instaurati</span> <span class='ocrx_word' id='word_1_43' title='bbox 678 2577 778 2645; x_wconf 85' lang='lat' dir='ltr'>animi,</span> <span class='ocrx_word' id='word_1_44' title='bbox 798 2579 873 2655; x_wconf 81' lang='lat' dir='ltr'>regis</span> <span class='ocrx_word' id='word_1_45' title='bbox 886 2579 1047 2638; x_wconf 87' lang='lat' dir='ltr'>succurrere</span> <span class='ocrx_word' id='word_1_46' title='bbox 1060 2577 1150 2646; x_wconf 73' lang='lat' dir='ltr'>tediis,</span> 
     </span>
    </p>

    <p class='ocr_par' dir='ltr' id='par_1_8' title="bbox 511 2676 1252 2859">
     <span class='ocr_line' id='line_1_10' title="bbox 511 2676 1251 2756; baseline 0.001 -21"><span class='ocrx_word' id='word_1_47' title='bbox 511 2679 692 2755; x_wconf 84' lang='lat' dir='ltr'>Auxilioque</span> <span class='ocrx_word' id='word_1_48' title='bbox 704 2680 797 2738; x_wconf 84' lang='lat' dir='ltr'>levare</span> <span class='ocrx_word' id='word_1_49' title='bbox 810 2681 894 2750; x_wconf 75' lang='lat' dir='ltr'>viros,</span> <span class='ocrx_word' id='word_1_50' title='bbox 914 2682 1031 2756; x_wconf 80' lang='lat' dir='ltr'>vimque</span> <span class='ocrx_word' id='word_1_51' title='bbox 1044 2680 1148 2738; x_wconf 86' lang='lat' dir='ltr'>addere</span> <span class='ocrx_word' id='word_1_52' title='bbox 1161 2676 1251 2737; x_wconf 70' lang='lat' dir='ltr'>viciis.</span> 
     </span>
     <span class='ocr_line' id='line_1_11' title="bbox 550 2780 1252 2859; baseline 0 -21"><span class='ocrx_word' id='word_1_53' title='bbox 550 2782 654 2838; x_wconf 86' lang='lat' dir='ltr'>Limen</span> <span class='ocrx_word' id='word_1_54' title='bbox 668 2790 738 2851; x_wconf 88' lang='lat' dir='ltr'>erat,</span> <span class='ocrx_word' id='word_1_55' title='bbox 756 2800 898 2858; x_wconf 79' lang='lat' dir='ltr'>caecaeque</span> <span class='ocrx_word' id='word_1_56' title='bbox 911 2782 995 2853; x_wconf 80' lang='lat' dir='ltr'>sores,</span> <span class='ocrx_word' id='word_1_57' title='bbox 1015 2792 1047 2840; x_wconf 91' lang='lat' dir='ltr'>et</span> <span class='ocrx_word' id='word_1_58' title='bbox 1058 2781 1172 2859; x_wconf 78' lang='lat' dir='ltr'>pervius</span> <span class='ocrx_word' id='word_1_59' title='bbox 1185 2780 1252 2838; x_wconf 78' lang='lat' dir='ltr'>usur</span> 
     </span>
    </p>

    <p class='ocr_par' dir='ltr' id='par_1_9' title="bbox 512 2882 1196 2961">
     <span class='ocr_line' id='line_1_12' title="bbox 512 2882 1196 2961; baseline -0.003 -19"><span class='ocrx_word' id='word_1_60' title='bbox 512 2883 666 2942; x_wconf 71' lang='lat' dir='ltr'>‘rectorum</span> <span class='ocrx_word' id='word_1_61' title='bbox 678 2884 754 2941; x_wconf 88' lang='lat' dir='ltr'>inter</span> <span class='ocrx_word' id='word_1_62' title='bbox 766 2883 795 2941; x_wconf 84' lang='lat' dir='ltr'>se</span> <span class='ocrx_word' id='word_1_63' title='bbox 809 2884 923 2954; x_wconf 82' lang='lat' dir='ltr'>Priami,</span> <span class='ocrx_word' id='word_1_64' title='bbox 943 2884 1090 2961; x_wconf 77' lang='lat' dir='ltr'>posteaque</span> <span class='ocrx_word' id='word_1_65' title='bbox 1101 2882 1196 2940; x_wconf 67' lang='lat' dir='ltr'>relidi</span> 
     </span>
    </p>

    <p class='ocr_par' dir='ltr' id='par_1_10' title="bbox 513 2985 1271 3062">
     <span class='ocr_line' id='line_1_13' title="bbox 513 2985 1271 3062; baseline -0.008 -15"><span class='ocrx_word' id='word_1_66' title='bbox 513 2988 543 3048; x_wconf 80' lang='lat' dir='ltr'>A</span> <span class='ocrx_word' id='word_1_67' title='bbox 557 2995 654 3062; x_wconf 83' lang='lat' dir='ltr'>tergo:</span> <span class='ocrx_word' id='word_1_68' title='bbox 675 2985 778 3043; x_wconf 81' lang='lat' dir='ltr'>infelix</span> <span class='ocrx_word' id='word_1_69' title='bbox 791 2987 848 3061; x_wconf 73' lang='lat' dir='ltr'>qud</span> <span class='ocrx_word' id='word_1_70' title='bbox 865 2986 904 3055; x_wconf 89' lang='lat' dir='ltr'>se,</span> <span class='ocrx_word' id='word_1_71' title='bbox 924 2987 995 3044; x_wconf 90' lang='lat' dir='ltr'>dum</span> <span class='ocrx_word' id='word_1_72' title='bbox 1007 3005 1094 3062; x_wconf 86' lang='lat' dir='ltr'>regna</span> <span class='ocrx_word' id='word_1_73' title='bbox 1108 2986 1271 3053; x_wconf 84' lang='lat' dir='ltr'>manebant,</span> 
     </span>
    </p>

    <p class='ocr_par' dir='ltr' id='par_1_11' title="bbox 513 3087 1224 3165">
     <span class='ocr_line' id='line_1_14' title="bbox 513 3087 1224 3165; baseline -0.001 -20"><span class='ocrx_word' id='word_1_74' title='bbox 513 3088 621 3165; x_wconf 75' lang='lat' dir='ltr'>Saepius</span> <span class='ocrx_word' id='word_1_75' title='bbox 634 3088 836 3146; x_wconf 84' lang='lat' dir='ltr'>Andromache</span> <span class='ocrx_word' id='word_1_76' title='bbox 848 3088 924 3147; x_wconf 82' lang='lat' dir='ltr'>ferre</span> <span class='ocrx_word' id='word_1_77' title='bbox 935 3087 1102 3147; x_wconf 75' lang='lat' dir='ltr'>incomitata</span> <span class='ocrx_word' id='word_1_78' title='bbox 1115 3087 1224 3145; x_wconf 79' lang='lat' dir='ltr'>solebat</span> 
     </span>
    </p>

    <p class='ocr_par' dir='ltr' id='par_1_12' title="bbox 515 3188 1279 3267">
     <span class='ocr_line' id='line_1_15' title="bbox 515 3188 1279 3267; baseline -0.003 -19"><span class='ocrx_word' id='word_1_79' title='bbox 515 3189 563 3248; x_wconf 84' lang='lat' dir='ltr'>Ad</span> <span class='ocrx_word' id='word_1_80' title='bbox 576 3188 694 3257; x_wconf 85' lang='lat' dir='ltr'>soceros,</span> <span class='ocrx_word' id='word_1_81' title='bbox 713 3200 743 3247; x_wconf 88' lang='lat' dir='ltr'>et</span> <span class='ocrx_word' id='word_1_82' title='bbox 756 3209 809 3248; x_wconf 87' lang='lat' dir='ltr'>avo</span> <span class='ocrx_word' id='word_1_83' title='bbox 821 3209 942 3267; x_wconf 89' lang='lat' dir='ltr'>puerum</span> <span class='ocrx_word' id='word_1_84' title='bbox 954 3190 1126 3267; x_wconf 69' lang='lat' dir='ltr'>Astyanaeta</span> <span class='ocrx_word' id='word_1_85' title='bbox 1140 3189 1279 3247; x_wconf 86' lang='lat' dir='ltr'>trahebat.</span> 
     </span>
    </p>
   </div>
   <div class='ocr_carea' id='block_1_3' title="bbox 321 3270 1169 3368">
    <p class='ocr_par' dir='ltr' id='par_1_13' title="bbox 321 3270 1169 3368">
     <span class='ocr_line' id='line_1_16' title="bbox 321 3270 1169 3368; baseline -0.005 -15"><span class='ocrx_word' id='word_1_86' title='bbox 321 3270 323 3274; x_wconf 6' lang='grc' dir='ltr'><strong>ἲ</strong></span> <span class='ocrx_word' id='word_1_87' title='bbox 403 3343 406 3348; x_wconf 93' lang='grc'>.</span> <span class='ocrx_word' id='word_1_88' title='bbox 515 3292 614 3353; x_wconf 81' lang='lat' dir='ltr'>Evado</span> <span class='ocrx_word' id='word_1_89' title='bbox 627 3292 663 3349; x_wconf 87' lang='lat' dir='ltr'>ad</span> <span class='ocrx_word' id='word_1_90' title='bbox 676 3291 780 3350; x_wconf 90' lang='lat' dir='ltr'>summi</span> <span class='ocrx_word' id='word_1_91' title='bbox 793 3292 906 3368; x_wconf 86' lang='lat' dir='ltr'>fastigia</span> <span class='ocrx_word' id='word_1_92' title='bbox 918 3291 1053 3350; x_wconf 78' lang='lat' dir='ltr'>culminis</span> <span class='ocrx_word' id='word_1_93' title='bbox 1061 3316 1070 3363; x_wconf 69' lang='grc' dir='ltr'><strong><em>ς</em></strong></span> <span class='ocrx_word' id='word_1_94' title='bbox 1090 3293 1169 3349; x_wconf 84' lang='lat' dir='ltr'>undo</span> 
     </span>
    </p>
   </div>
   <div class='ocr_carea' id='block_1_4' title="bbox 513 3393 1316 4491">
    <p class='ocr_par' dir='ltr' id='par_1_14' title="bbox 513 3393 1316 4387">
     <span class='ocr_line' id='line_1_17' title="bbox 514 3393 1179 3471; baseline -0.003 -19"><span class='ocrx_word' id='word_1_95' title='bbox 514 3393 586 3452; x_wconf 87' lang='lat' dir='ltr'>Tela</span> <span class='ocrx_word' id='word_1_96' title='bbox 600 3412 688 3452; x_wconf 84' lang='lat' dir='ltr'>manu</span> <span class='ocrx_word' id='word_1_97' title='bbox 700 3394 797 3452; x_wconf 89' lang='lat' dir='ltr'>miseri</span> <span class='ocrx_word' id='word_1_98' title='bbox 805 3393 951 3471; x_wconf 71' lang='lat' dir='ltr'>jactabant</span> <span class='ocrx_word' id='word_1_99' title='bbox 963 3393 1050 3450; x_wconf 89' lang='lat' dir='ltr'>inrita</span> <span class='ocrx_word' id='word_1_100' title='bbox 1063 3393 1179 3451; x_wconf 89' lang='lat' dir='ltr'>Teucri.</span> 
     </span>
     <span class='ocr_line' id='line_1_18' title="bbox 513 3493 1314 3572; baseline 0.001 -20"><span class='ocrx_word' id='word_1_101' title='bbox 513 3496 632 3553; x_wconf 89' lang='lat' dir='ltr'>Turrim</span> <span class='ocrx_word' id='word_1_102' title='bbox 646 3496 677 3554; x_wconf 93' lang='lat' dir='ltr'>in</span> <span class='ocrx_word' id='word_1_103' title='bbox 690 3496 831 3572; x_wconf 82' lang='lat' dir='ltr'>praecipiti</span> <span class='ocrx_word' id='word_1_104' title='bbox 844 3496 974 3563; x_wconf 85' lang='lat' dir='ltr'>stantem,</span> <span class='ocrx_word' id='word_1_105' title='bbox 993 3494 1168 3570; x_wconf 84' lang='lat' dir='ltr'>summisque</span> <span class='ocrx_word' id='word_1_106' title='bbox 1181 3493 1234 3553; x_wconf 88' lang='lat' dir='ltr'>sub</span> <span class='ocrx_word' id='word_1_107' title='bbox 1243 3494 1314 3553; x_wconf 84' lang='lat' dir='ltr'>astra</span> 
     </span>
     <span class='ocr_line' id='line_1_19' title="bbox 515 3596 1163 3673; baseline -0.005 -17"><span class='ocrx_word' id='word_1_108' title='bbox 515 3599 657 3659; x_wconf 73' lang='lat' dir='ltr'>Eductam</span> <span class='ocrx_word' id='word_1_109' title='bbox 670 3598 760 3666; x_wconf 71' lang='lat' dir='ltr'>tediis,</span> <span class='ocrx_word' id='word_1_110' title='bbox 780 3599 856 3655; x_wconf 88' lang='lat' dir='ltr'>unde</span> <span class='ocrx_word' id='word_1_111' title='bbox 869 3596 963 3655; x_wconf 87' lang='lat' dir='ltr'>omnis</span> <span class='ocrx_word' id='word_1_112' title='bbox 975 3596 1060 3673; x_wconf 82' lang='lat' dir='ltr'>Troja</span> <span class='ocrx_word' id='word_1_113' title='bbox 1073 3596 1163 3655; x_wconf 81' lang='lat' dir='ltr'>videri</span> 
     </span>
     <span class='ocr_line' id='line_1_20' title="bbox 514 3699 1175 3767; baseline -0.005 -9"><span class='ocrx_word' id='word_1_114' title='bbox 514 3701 552 3758; x_wconf 91' lang='lat' dir='ltr'>Et</span> <span class='ocrx_word' id='word_1_115' title='bbox 565 3701 700 3759; x_wconf 78' lang='lat' dir='ltr'>Danaum</span> <span class='ocrx_word' id='word_1_116' title='bbox 711 3700 800 3761; x_wconf 82' lang='lat' dir='ltr'>solitae</span> <span class='ocrx_word' id='word_1_117' title='bbox 811 3718 896 3757; x_wconf 81' lang='lat' dir='ltr'>naves</span> <span class='ocrx_word' id='word_1_118' title='bbox 909 3710 940 3757; x_wconf 88' lang='lat' dir='ltr'>et</span> <span class='ocrx_word' id='word_1_119' title='bbox 952 3699 1064 3757; x_wconf 85' lang='lat' dir='ltr'>Achaia</span> <span class='ocrx_word' id='word_1_120' title='bbox 1078 3699 1175 3767; x_wconf 89' lang='lat' dir='ltr'>castra,</span> 
     </span>
     <span class='ocr_line' id='line_1_21' title="bbox 517 3797 1206 3881; baseline -0.007 -19"><span class='ocrx_word' id='word_1_121' title='bbox 517 3804 647 3881; x_wconf 82' lang='lat' dir='ltr'>Adgreffi</span> <span class='ocrx_word' id='word_1_122' title='bbox 661 3805 737 3861; x_wconf 87' lang='lat' dir='ltr'>ferro</span> <span class='ocrx_word' id='word_1_123' title='bbox 750 3803 869 3873; x_wconf 90' lang='lat' dir='ltr'>circum,</span> <span class='ocrx_word' id='word_1_124' title='bbox 889 3802 946 3877; x_wconf 77' lang='lat' dir='ltr'>qui</span> <span class='ocrx_word' id='word_1_125' title='bbox 958 3801 1069 3858; x_wconf 92' lang='lat' dir='ltr'>summa</span> <span class='ocrx_word' id='word_1_126' title='bbox 1082 3797 1206 3858; x_wconf 72' lang='lat' dir='ltr'>libantis</span> 
     </span>
     <span class='ocr_line' id='line_1_22' title="bbox 515 3902 1223 3984; baseline -0.006 -21"><span class='ocrx_word' id='word_1_127' title='bbox 515 3907 668 3984; x_wconf 76' lang='lat' dir='ltr'>Junciuras</span> <span class='ocrx_word' id='word_1_128' title='bbox 681 3906 808 3964; x_wconf 84' lang='lat' dir='ltr'>tabulata</span> <span class='ocrx_word' id='word_1_129' title='bbox 821 3906 938 3972; x_wconf 88' lang='lat' dir='ltr'>dabant,</span> <span class='ocrx_word' id='word_1_130' title='bbox 957 3903 1145 3961; x_wconf 76' lang='lat' dir='ltr'>convellimus</span> <span class='ocrx_word' id='word_1_131' title='bbox 1157 3902 1223 3960; x_wconf 75' lang='lat' dir='ltr'>altis</span> 
     </span>
     <span class='ocr_line' id='line_1_23' title="bbox 516 4003 1308 4084; baseline -0.004 -19"><span class='ocrx_word' id='word_1_132' title='bbox 516 4008 645 4076; x_wconf 87' lang='lat' dir='ltr'>Sedibus,</span> <span class='ocrx_word' id='word_1_133' title='bbox 659 4007 886 4084; x_wconf 86' lang='lat' dir='ltr'>inpulimusque:</span> <span class='ocrx_word' id='word_1_134' title='bbox 908 4024 951 4075; x_wconf 87' lang='lat' dir='ltr'>ea,</span> <span class='ocrx_word' id='word_1_135' title='bbox 965 4004 1042 4064; x_wconf 88' lang='lat' dir='ltr'>labsa</span> <span class='ocrx_word' id='word_1_136' title='bbox 1054 4014 1181 4081; x_wconf 86' lang='lat' dir='ltr'>repente,</span> <span class='ocrx_word' id='word_1_137' title='bbox 1194 4003 1308 4062; x_wconf 85' lang='lat' dir='ltr'>ruinam</span> 
     </span>
     <span class='ocr_line' id='line_1_24' title="bbox 515 4104 1316 4183; baseline -0.005 -16"><span class='ocrx_word' id='word_1_138' title='bbox 515 4110 593 4167; x_wconf 92' lang='lat' dir='ltr'>Cum</span> <span class='ocrx_word' id='word_1_139' title='bbox 607 4109 703 4165; x_wconf 88' lang='lat' dir='ltr'>sonitu</span> <span class='ocrx_word' id='word_1_140' title='bbox 716 4109 820 4178; x_wconf 84' lang='lat' dir='ltr'>trahit;</span> <span class='ocrx_word' id='word_1_141' title='bbox 843 4117 872 4165; x_wconf 89' lang='lat' dir='ltr'>et</span> <span class='ocrx_word' id='word_1_142' title='bbox 886 4108 1020 4166; x_wconf 79' lang='lat' dir='ltr'>Danaum</span> <span class='ocrx_word' id='word_1_143' title='bbox 1036 4106 1117 4183; x_wconf 90' lang='lat' dir='ltr'>super</span> <span class='ocrx_word' id='word_1_144' title='bbox 1128 4106 1244 4182; x_wconf 80' lang='lat' dir='ltr'>agmina</span> <span class='ocrx_word' id='word_1_145' title='bbox 1256 4104 1316 4164; x_wconf 85' lang='lat' dir='ltr'>late</span> 
     </span>
     <span class='ocr_line' id='line_1_25' title="bbox 517 4208 1261 4278; baseline -0.005 -8"><span class='ocrx_word' id='word_1_146' title='bbox 517 4210 642 4270; x_wconf 84' lang='lat' dir='ltr'>Incidit:</span> <span class='ocrx_word' id='word_1_147' title='bbox 664 4210 704 4267; x_wconf 87' lang='lat' dir='ltr'>ast</span> <span class='ocrx_word' id='word_1_148' title='bbox 717 4209 768 4267; x_wconf 88' lang='lat' dir='ltr'>alii</span> <span class='ocrx_word' id='word_1_149' title='bbox 780 4209 917 4267; x_wconf 86' lang='lat' dir='ltr'>subeunt:</span> <span class='ocrx_word' id='word_1_150' title='bbox 940 4228 993 4266; x_wconf 88' lang='lat' dir='ltr'>uec</span> <span class='ocrx_word' id='word_1_151' title='bbox 1006 4208 1082 4278; x_wconf 82' lang='lat' dir='ltr'>saxa,</span> <span class='ocrx_word' id='word_1_152' title='bbox 1101 4227 1155 4266; x_wconf 86' lang='lat' dir='ltr'>nec</span> <span class='ocrx_word' id='word_1_153' title='bbox 1166 4208 1261 4267; x_wconf 90' lang='lat' dir='ltr'>ullum</span> 
     </span>
     <span class='ocr_line' id='line_1_26' title="bbox 516 4311 988 4387; baseline -0.004 -16"><span class='ocrx_word' id='word_1_154' title='bbox 516 4313 656 4372; x_wconf 88' lang='lat' dir='ltr'>Telorum</span> <span class='ocrx_word' id='word_1_155' title='bbox 669 4311 778 4369; x_wconf 87' lang='lat' dir='ltr'>interea</span> <span class='ocrx_word' id='word_1_156' title='bbox 790 4311 876 4369; x_wconf 82' lang='lat' dir='ltr'>cessat</span> <span class='ocrx_word' id='word_1_157' title='bbox 889 4329 988 4387; x_wconf 80' lang='lat' dir='ltr'>genus.</span> 
     </span>
    </p>

    <p class='ocr_par' dir='ltr' id='par_1_15' title="bbox 555 4411 1314 4491">
     <span class='ocr_line' id='line_1_27' title="bbox 555 4411 1314 4491; baseline -0.007 -16"><span class='ocrx_word' id='word_1_158' title='bbox 555 4414 739 4475; x_wconf 81' lang='lat' dir='ltr'>Vestibulum</span> <span class='ocrx_word' id='word_1_159' title='bbox 760 4423 827 4472; x_wconf 84' lang='lat' dir='ltr'>ante</span> <span class='ocrx_word' id='word_1_160' title='bbox 850 4412 955 4491; x_wconf 87' lang='lat' dir='ltr'>ipsum,</span> <span class='ocrx_word' id='word_1_161' title='bbox 981 4411 1131 4490; x_wconf 85' lang='lat' dir='ltr'>primoque</span> <span class='ocrx_word' id='word_1_162' title='bbox 1151 4412 1183 4471; x_wconf 89' lang='lat' dir='ltr'>in</span> <span class='ocrx_word' id='word_1_163' title='bbox 1205 4411 1314 4482; x_wconf 86' lang='lat' dir='ltr'>limine,</span> 
     </span>
    </p>
   </div>
   <div class='ocr_carea' id='block_1_5' title="bbox 634 4517 757 4594">
    <p class='ocr_par' dir='ltr' id='par_1_16' title="bbox 634 4517 757 4594">
     <span class='ocr_line' id='line_1_28' title="bbox 634 4517 757 4594; baseline 0 -20"><span class='ocrx_word' id='word_1_164' title='bbox 634 4517 757 4594; x_wconf 72' lang='lat' dir='ltr'>Pyrrhus</span> 
     </span>
    </p>
   </div>
   <div class='ocr_carea' id='block_1_6' title="bbox 519 4614 1103 4694">
    <p class='ocr_par' dir='ltr' id='par_1_17' title="bbox 519 4614 1103 4694">
     <span class='ocr_line' id='line_1_29' title="bbox 519 4614 1103 4694; baseline -0.007 -14"><span class='ocrx_word' id='word_1_165' title='bbox 519 4621 660 4694; x_wconf 76' lang='lat' dir='ltr'>Exsultat,</span> <span class='ocrx_word' id='word_1_166' title='bbox 681 4620 745 4686; x_wconf 83' lang='lat' dir='ltr'>telis</span> <span class='ocrx_word' id='word_1_167' title='bbox 758 4627 785 4677; x_wconf 85' lang='lat' dir='ltr'>et</span> <span class='ocrx_word' id='word_1_168' title='bbox 798 4617 862 4674; x_wconf 88' lang='lat' dir='ltr'>lucc</span> <span class='ocrx_word' id='word_1_169' title='bbox 875 4614 1005 4675; x_wconf 83' lang='lat' dir='ltr'>coruscus</span> <span class='ocrx_word' id='word_1_170' title='bbox 1017 4615 1103 4680; x_wconf 70' lang='lat' dir='ltr'>atina:</span> 
     </span>
    </p>
   </div>
   <div class='ocr_carea' id='block_1_7' title="bbox 0 0 1773 6884">
    <p class='ocr_par' dir='ltr' id='par_1_18' title="bbox 0 0 1773 6884">
     <span class='ocr_line' id='line_1_30' title="bbox 0 0 1773 6884; baseline 0 0"><span class='ocrx_word' id='word_1_171' title='bbox 0 0 1773 6884; x_wconf 95' lang='lat' dir='ltr'> </span> 
     </span>
    </p>
   </div>
  </div>
 </body>
</html>
