3492 6884
467 1828 558 1894 may.
726 1766 953 1881 DCLOGA
991 1818 1048 1876 1x.·
1219 1826 1257 1878 ³5

805 1994 919 2033 uoenrs.

420 2087 422 2091 ·
469 2073 503 2131 Id
516 2074 633 2152 quidem
652 2093 722 2152 ago;
752 2087 781 2133 et
799 2078 909 2147 tacitus,
930 2076 1045 2154 Lycida,
1064 2091 1179 2132 mecum
1197 2072 1258 2149 ipse

547 2176 655 2244 voluto,

470 2276 499 2335 Si
512 2276 622 2335 valeam
635 2277 809 2335 meminiffe:
831 2296 924 2353 neque
943 2278 983 2336 est
995 2278 1123 2354 ignobile
1135 2294 1258 2335 carmen.

469 2378 536 2435 Huc
546 2379 621 2447 adua,
632 2378 664 2435 0!
679 2378 810 2436 Galatea:
825 2380 889 2455 quis
901 2379 940 2436 est
951 2398 1018 2437 narn
1027 2379 1110 2436 ludus
1117 2379 1148 2435 in
1158 2377 1259 2435 undis?

469 2479 529 2535 Hic
541 2497 592 2536 ver
603 2498 776 2555 purpureum
782 2505 791 2551 ;
812 2481 904 2538 varios
917 2480 964 2538 hic
978 2480 1099 2538 flumina
1112 2479 1222 2537 circum

469 2579 576 2638 Fundit
588 2581 692 2638 humus
703 2581 798 2652 flores5
820 2581 867 2640 hic
881 2582 1000 2640 candida
1013 2581 1135 2657 populus
1147 2590 1230 2639 antro

471 2682 607 2751 Inminet,
627 2692 655 2739 et
669 2682 755 2739 lentae
768 2692 870 2740 texunt
883 2682 1047 2741 umbracula
1060 2682 1144 2740 vites.
1171 2723 1177 2731 .

470 2784 539 2841 Huc
550 2783 632 2841 ades:
653 2782 745 2840 insani
758 2784 863 2841 feriant
878 2785 935 2841 fine
948 2784 1032 2842 litora
1045 2784 1157 2841 ssuttus.

794 2904 937 2944 nrcrnts.

473 2985 564 3053 Quid,
584 3005 648 3061 qnae
662 2997 690 3042 te
701 2986 773 3062 pura
786 2984 877 3043 solum
892 2987 943 3043 sub
956 2986 1039 3044 noste
1052 2994 1204 3043 canentem

470 3086 646 3144 Audieram?
668 3105 799 3144 numeros
812 3088 941 3157 memini,
962 3088 982 3145 sr
995 3089 1079 3145 verba
1093 3096 1229 3144 tenerem.

808 3208 923 3247 rroenrs.

471 3289 599 3365 Daphni,
619 3289 688 3364 quid
701 3287 832 3364 antiquos
846 3290 990 3365 fignorum
1001 3289 1115 3366 suspicis
1128 3292 1223 3348 ortus?

472 3390 559 3447 Ecce!
581 3389 694 3446 Dionaei
708 3390 836 3464 processit
849 3390 966 3447 Caesaria
980 3390 1096 3447 astrum:

471 3490 598 3559 Mirum,
619 3508 676 3564 quo
689 3489 796 3565 segetes
809 3489 965 3564 gauderent
978 3490 1107 3565 frugibus
1115 3516 1124 3562 3
1145 3500 1176 3547 et
1188 3510 1246 3567 quo

471 3593 598 3650 Duceret
612 3590 714 3666 apricis
727 3590 758 3647 in
773 3589 892 3646 collibus
905 3607 961 3646 uva
974 3590 1109 3649 colorem.

472 3691 577 3762 lusere,
592 3690 719 3767 Daphni,
732 3690 822 3766 piros:
845 3699 963 3765 carpent
975 3700 1024 3748 tua
1037 3710 1122 3767 poma
1135 3699 1261 3767 nepotes.

472 3793 579 3852 Omnia
605 3792 662 3850 fert
688 3802 764 3860 aetas,
790 3791 922 3850 animum
946 3810 1068 3868 quoqne.
1109 3795 1188 3871 Saepe
1210 3812 1265 3871 ego

551 3895 651 3970 longos

475 3996 626 4053 Cantando
638 4013 759 4070 puerum
773 3994 895 4051 memini
907 4012 955 4051 me
967 3996 1088 4053 condere
1100 3995 1185 4053 sola:

474 4098 562 4155 Nunc
575 4097 664 4154 oblita
675 4096 748 4153 mihi
760 4104 802 4152 tot
812 4095 952 4153 carmina:
967 4114 1024 4153 vox
1036 4115 1149 4172 quoqne
1157 4098 1265 4156 Moerin

474 4200 541 4275 Jarn
553 4198 631 4274 fugit
643 4195 702 4271 ipsa
714 4218 720 4253 :
741 4196 802 4272 lupi
814 4194 921 4253 Moerin
934 4196 1030 4253 videre
1043 4199 1157 4272 priores.

476 4302 530 4359 Sed
543 4310 638 4358 tamen
652 4297 703 4356 ista
716 4297 782 4355 satis
795 4300 900 4356 referet
910 4299 966 4355 tibi
978 4298 1051 4377 saepe
1065 4300 1220 4358 Menalcas.

799 4418 941 4457 nrcrnrs.

476 4501 635 4561 Cauffando
648 4502 752 4558 nostros
764 4500 795 4557 in
807 4501 926 4577 longum
937 4500 1016 4559 ducis
1029 4521 1152 4560 amores:

476 4605 515 4662 Et
528 4621 604 4659 nunc
616 4621 701 4659 omne
716 4602 769 4658 tibi
782 4602 899 4658 stratum
912 4602 973 4659 filet
985 4622 1095 4677 aeqnor3
1116 4615 1146 4661 et
1159 4622 1266 4676 omues,

477 4701 616 4780 Adspicet
637 4702 745 4764 ventosi
757 4701 921 4761 ceciderunt
934 4704 1086 4764 murmuris
1098 4722 1181 4763 aura.
