3492 6884
493 1776 583 1828 mo.
757 1743 985 1846 pennen·
1016 1771 1056 1831 11.
1269 1783 1288 1846 7

392 1981 395 1988 Ι
415 1923 416 1928 ’
495 1915 599 1975 Mollia
612 1916 718 1975 luteola
731 1919 826 1995 pingit
838 1921 967 1978 vaccinia
980 1921 1085 1979 caltha.

494 2017 558 2094 lpse
571 2036 626 2095 ego
638 2038 709 2077 cana
721 2021 815 2096 legam
830 2023 927 2078 tenera
939 2022 1076 2098 lanugine
1087 2022 1172 2092 mala,

491 2120 701 2196 castaneasque
713 2140 809 2189 nuces,
822 2141 886 2180 mea
899 2134 969 2198 quas
981 2123 1137 2200 Amaryllis
1146 2125 1260 2182 amabat
1266 2150 1275 2196 3

493 2221 611 2279 Addam
628 2241 708 2279 cerea
726 2220 816 2299 pruna
821 2246 830 2293 3
851 2223 942 2280 honos
959 2224 1015 2282 erit
1030 2222 1099 2281 huic
1111 2243 1225 2299 quoque
1236 2245 1289 2303 po-

590 2342 655 2380 mo:
678 2320 683 2330 ’

494 2424 533 2482 Et
544 2442 604 2495 vos,
623 2443 642 2481 o
654 2424 740 2482 lauri!
761 2444 885 2502 carpam,
905 2432 935 2482 et
949 2434 987 2495 te,
1007 2426 1137 2503 proxima
1150 2430 1257 2504 myrto!

495 2526 542 2583 stc
555 2527 652 2602 posrtae
665 2527 802 2602 quoniam
814 2527 913 2584 suaves
925 2526 1051 2584 miscetis
1063 2529 1171 2588 odores.

494 2627 624 2693 Rusticus
637 2646 676 2696 es,
691 2628 840 2703 Corydon;
862 2646 916 2685 nec
929 2647 1047 2688 munera
1059 2613 1140 2685 cur'at
1152 2629 1269 2702 Alexis3

492 2727 567 2798 Nec,
589 2729 788 2786 stmuneribus
800 2739 898 2799 certes,
919 2732 1056 2787 concedat
1068 2730 1162 2787 Iollas.
1203 2792 1207 2801 ,

493 2830 575 2889 Heul
597 2830 669 2888 heu!
691 2831 761 2906 quid
773 2830 851 2889 volui
868 2830 973 2888 misero
984 2831 1070 2888 mihi!
1092 2832 1209 2892 floribus
1226 2833 1290 2892 aus·

572 2940 658 3003 trum,

494 3033 632 3101 Perditus,
653 3043 682 3089 et
695 3032 813 3108 liquidis
825 3033 920 3090 inmisi
935 3033 1063 3093 fontibus
1076 3054 1165 3113 apros.

496 3135 594 3193 Quem
611 3134 703 3210 fugis?
731 3135 768 3192 ah
786 3136 916 3193 demensl
944 3136 1110 3194 habitarunt
1129 3139 1159 3195 dl
1176 3152 1290 3216 quoque

611 3235 701 3305 stlvas,

495 3337 712 3412 Dardaniusque
726 3337 812 3394 Paris.
851 3337 951 3407 Pallas,
966 3358 1035 3414 quas
1047 3341 1186 3410 condidit,
1200 3361 1277 3401 arces

476 3439 558 3514 ·lpsa
571 3437 660 3495 colats
682 3437 763 3494 nobis
775 3437 907 3511 placeant
920 3448 985 3495 ante
998 3441 1094 3497 omnia
1108 3442 1192 3499 srlvae.

494 3542 590 3598 Torva
601 3540 691 3596 leaena
701 3538 803 3613 lupum
816 3537 957 3611 sequitur5
972 3538 1055 3614 lupus
1065 3541 1124 3615 ipse
1137 3543 1290 3617 capellam3

495 3643 659 3703 Florentem
672 3639 795 3716 cytisum
808 3638 937 3714 sequitur
949 3639 1052 3697 lasciva
1065 3643 1172 3717 capella
1176 3667 1186 3713 3

493 3746 538 3803 Te
548 3743 693 3820 Corydon,
704 3761 722 3797 ο
730 3739 832 3798 Alexi!
848 3740 937 3798 trahit
946 3739 994 3797 sua
1003 3761 1145 3819 quemque
1152 3744 1291 3823 voluptas.

495 3845 630 3922 Adspice,
649 3852 741 3901 aratra
750 3840 823 3918 jugo
834 3841 964 3899 referunt
976 3840 1105 3920 suspensa
1114 3843 1241 3921 juvenci,

496 3949 535 4005 Et
548 3947 588 4004 sol
600 3944 752 4003 crescentis
764 3944 903 4000 decedens
915 3942 1043 4018 duplicat
1055 3949 1184 4005 umbras:

496 4050 549 4107 Me
557 4057 653 4106 tamen
661 4045 720 4103 urit
730 4063 822 4102 amor:
838 4043 902 4119 quis
910 4044 989 4101 enim
996 4046 1174 4106 modusadfit
1182 4051 1289 4110 amori?

497 4151 547 4209 Ah
560 4148 706 4225 Corydon!
722 4145 875 4222 Corydon!
891 4165 955 4221 quae
969 4154 998 4203 te
1011 4148 1155 4208 dementia
1168 4151 1258 4230 cepitl

498 4251 673 4330 Semiputata
687 4248 742 4305 tibi
755 4246 887 4304 frondosa
900 4246 967 4304 vitis
978 4247 1008 4304 in
1022 4249 1102 4306 ulmo
1115 4252 1163 4309 est.

497 4354 580 4414 Quin
590 4364 620 4411 tu
629 4351 736 4427 aliquid
745 4349 843 4408 saltem
850 4349 955 4426 potius,
966 4370 1088 4426 quorum
1095 4353 1207 4434 indiget
1214 4357 1289 4430 usus,

497 4455 663 4514 Viminibus
672 4452 810 4527 mollique
822 4470 903 4527 paras
914 4452 1048 4511 detexere
1056 4453 1159 4530 juneo?

500 4558 631 4618 Invenies
643 4556 741 4625 aliurn,
762 4554 783 4612 fi
797 4563 826 4611 te
838 4553 886 4611 hic
898 4553 1014 4624 fastidit,
1034 4556 1153 4618 Alexin.
