<?xml version="1.0" encoding="UTF-8"?>
<!DOCTYPE html PUBLIC "-//W3C//DTD XHTML 1.0 Transitional//EN"
    "http://www.w3.org/TR/xhtml1/DTD/xhtml1-transitional.dtd">
<html xmlns="http://www.w3.org/1999/xhtml" xml:lang="en" lang="en">
 <head>
  <title>
</title>
<meta http-equiv="Content-Type" content="text/html;charset=utf-8" />
  <meta name='ocr-system' content='tesseract 3.04.00' />
  <meta name='ocr-capabilities' content='ocr_page ocr_carea ocr_par ocr_line ocrx_word'/>
</head>
<body>
  <div class='ocr_page' id='page_1' title='image "./pvirgiliimaroni00wakegoog/pvirgiliimaroni00wakegoog_0096.png"; bbox 0 0 3492 6884; ppageno 0'>
   <div class='ocr_carea' id='block_1_1' title="bbox 530 1774 1330 1846">
    <p class='ocr_par' dir='ltr' id='par_1_1' title="bbox 530 1774 1330 1846">
     <span class='ocr_line' id='line_1_1' title="bbox 530 1774 1330 1846; baseline -0.006 -11"><span class='ocrx_word' id='word_1_1' title='bbox 530 1775 571 1835; x_wconf 78' lang='lat'>86</span> <span class='ocrx_word' id='word_1_2' title='bbox 763 1774 1095 1844; x_wconf 83' lang='lat' dir='ltr'>GEORGICON,</span> <span class='ocrx_word' id='word_1_3' title='bbox 1244 1783 1330 1846; x_wconf 83' lang='lat' dir='ltr'>s.70.</span> 
     </span>
    </p>
   </div>
   <div class='ocr_carea' id='block_1_2' title="bbox 528 1927 1331 2316">
    <p class='ocr_par' dir='ltr' id='par_1_2' title="bbox 530 1927 1299 2011">
     <span class='ocr_line' id='line_1_2' title="bbox 530 1927 1299 2011; baseline -0.007 -20"><span class='ocrx_word' id='word_1_4' title='bbox 530 1931 648 2008; x_wconf 83' lang='lat' dir='ltr'>Semper</span> <span class='ocrx_word' id='word_1_5' title='bbox 659 1929 739 1989; x_wconf 91' lang='lat' dir='ltr'>enim</span> <span class='ocrx_word' id='word_1_6' title='bbox 751 1930 836 1990; x_wconf 88' lang='lat' dir='ltr'>refice</span> <span class='ocrx_word' id='word_1_7' title='bbox 841 1957 849 2003; x_wconf 80' lang='lat'>3</span> <span class='ocrx_word' id='word_1_8' title='bbox 872 1951 915 1999; x_wconf 84' lang='lat' dir='ltr'>ac,</span> <span class='ocrx_word' id='word_1_9' title='bbox 928 1950 965 1991; x_wconf 90' lang='lat' dir='ltr'>ue</span> <span class='ocrx_word' id='word_1_10' title='bbox 977 1931 1039 2011; x_wconf 86' lang='lat' dir='ltr'>posi</span> <span class='ocrx_word' id='word_1_11' title='bbox 1051 1927 1150 1991; x_wconf 78' lang='lat' dir='ltr'>amissa</span> <span class='ocrx_word' id='word_1_12' title='bbox 1163 1929 1299 2007; x_wconf 78' lang='lat' dir='ltr'>requiras,</span> 
     </span>
    </p>

    <p class='ocr_par' dir='ltr' id='par_1_3' title="bbox 530 2030 1331 2213">
     <span class='ocr_line' id='line_1_3' title="bbox 530 2030 1331 2109; baseline -0.001 -18"><span class='ocrx_word' id='word_1_13' title='bbox 530 2032 687 2104; x_wconf 81' lang='lat' dir='ltr'>Anteveni‚</span> <span class='ocrx_word' id='word_1_14' title='bbox 707 2043 738 2091; x_wconf 92' lang='lat' dir='ltr'>et</span> <span class='ocrx_word' id='word_1_15' title='bbox 754 2033 883 2093; x_wconf 88' lang='lat' dir='ltr'>subolem</span> <span class='ocrx_word' id='word_1_16' title='bbox 896 2043 1027 2093; x_wconf 87' lang='lat' dir='ltr'>armento</span> <span class='ocrx_word' id='word_1_17' title='bbox 1039 2031 1138 2092; x_wconf 85' lang='lat' dir='ltr'>sortire</span> <span class='ocrx_word' id='word_1_18' title='bbox 1150 2041 1223 2109; x_wconf 90' lang='lat' dir='ltr'>quot</span> <span class='ocrx_word' id='word_1_19' title='bbox 1238 2030 1331 2090; x_wconf 60' lang='lat' dir='ltr'>annia</span> 
     </span>
     <span class='ocr_line' id='line_1_4' title="bbox 569 2132 1269 2213; baseline -0.004 -20"><span class='ocrx_word' id='word_1_20' title='bbox 569 2135 635 2193; x_wconf 89' lang='lat' dir='ltr'>Nec</span> <span class='ocrx_word' id='word_1_21' title='bbox 647 2155 706 2194; x_wconf 89' lang='lat' dir='ltr'>non</span> <span class='ocrx_word' id='word_1_22' title='bbox 718 2145 749 2193; x_wconf 94' lang='lat' dir='ltr'>et</span> <span class='ocrx_word' id='word_1_23' title='bbox 761 2136 857 2213; x_wconf 89' lang='lat' dir='ltr'>pecori</span> <span class='ocrx_word' id='word_1_24' title='bbox 870 2135 912 2194; x_wconf 86' lang='lat' dir='ltr'>esi</span> <span class='ocrx_word' id='word_1_25' title='bbox 924 2136 1002 2194; x_wconf 87' lang='lat' dir='ltr'>idem</span> <span class='ocrx_word' id='word_1_26' title='bbox 1015 2134 1136 2193; x_wconf 71' lang='lat' dir='ltr'>dilettus</span> <span class='ocrx_word' id='word_1_27' title='bbox 1148 2132 1269 2210; x_wconf 87' lang='lat' dir='ltr'>equino:</span> 
     </span>
    </p>

    <p class='ocr_par' dir='ltr' id='par_1_4' title="bbox 528 2234 1331 2316">
     <span class='ocr_line' id='line_1_5' title="bbox 528 2234 1331 2316; baseline -0.002 -21"><span class='ocrx_word' id='word_1_28' title='bbox 528 2236 577 2295; x_wconf 91' lang='lat' dir='ltr'>Tu</span> <span class='ocrx_word' id='word_1_29' title='bbox 590 2238 687 2307; x_wconf 91' lang='lat' dir='ltr'>modo,</span> <span class='ocrx_word' id='word_1_30' title='bbox 706 2257 777 2316; x_wconf 89' lang='lat' dir='ltr'>quos</span> <span class='ocrx_word' id='word_1_31' title='bbox 789 2237 821 2297; x_wconf 85' lang='lat' dir='ltr'>lo</span> <span class='ocrx_word' id='word_1_32' title='bbox 834 2237 914 2316; x_wconf 90' lang='lat' dir='ltr'>spem</span> <span class='ocrx_word' id='word_1_33' title='bbox 928 2238 1031 2296; x_wconf 84' lang='lat' dir='ltr'>statues</span> <span class='ocrx_word' id='word_1_34' title='bbox 1044 2235 1214 2294; x_wconf 85' lang='lat' dir='ltr'>submittere</span> <span class='ocrx_word' id='word_1_35' title='bbox 1227 2234 1331 2312; x_wconf 84' lang='lat' dir='ltr'>gentis,</span> 
     </span>
    </p>
   </div>
   <div class='ocr_carea' id='block_1_3' title="bbox 466 2338 1339 4772">
    <p class='ocr_par' dir='ltr' id='par_1_5' title="bbox 466 2338 1335 4465">
     <span class='ocr_line' id='line_1_6' title="bbox 529 2338 1299 2419; baseline -0.001 -22"><span class='ocrx_word' id='word_1_36' title='bbox 529 2339 707 2418; x_wconf 67' lang='lat' dir='ltr'>Precipuum</span> <span class='ocrx_word' id='word_1_37' title='bbox 717 2338 779 2419; x_wconf 88' lang='lat' dir='ltr'>jam</span> <span class='ocrx_word' id='word_1_38' title='bbox 792 2340 861 2399; x_wconf 89' lang='lat' dir='ltr'>inde</span> <span class='ocrx_word' id='word_1_39' title='bbox 875 2359 891 2399; x_wconf 82' lang='lat' dir='ltr'>u</span> <span class='ocrx_word' id='word_1_40' title='bbox 905 2341 1010 2399; x_wconf 87' lang='lat' dir='ltr'>teneris</span> <span class='ocrx_word' id='word_1_41' title='bbox 1023 2338 1299 2416; x_wconf 77' lang='lat' dir='ltr'>inpendelaborem.</span> 
     </span>
     <span class='ocr_line' id='line_1_7' title="bbox 529 2440 1182 2520; baseline -0.002 -21"><span class='ocrx_word' id='word_1_42' title='bbox 529 2440 678 2501; x_wconf 69' lang='lat' dir='ltr'>mutuno</span> <span class='ocrx_word' id='word_1_43' title='bbox 690 2442 800 2520; x_wconf 85' lang='lat' dir='ltr'>pecoris</span> <span class='ocrx_word' id='word_1_44' title='bbox 813 2441 942 2520; x_wconf 84' lang='lat' dir='ltr'>geneross</span> <span class='ocrx_word' id='word_1_45' title='bbox 955 2442 1050 2519; x_wconf 90' lang='lat' dir='ltr'>pullus</span> <span class='ocrx_word' id='word_1_46' title='bbox 1062 2441 1093 2499; x_wconf 91' lang='lat' dir='ltr'>in</span> <span class='ocrx_word' id='word_1_47' title='bbox 1107 2440 1182 2498; x_wconf 83' lang='lat' dir='ltr'>arvis</span> 
     </span>
     <span class='ocr_line' id='line_1_8' title="bbox 466 2542 1204 2622; baseline -0.004 -19"><span class='ocrx_word' id='word_1_48' title='bbox 466 2588 469 2595; x_wconf 84' lang='lat'>.</span> <span class='ocrx_word' id='word_1_49' title='bbox 529 2543 627 2604; x_wconf 86' lang='lat' dir='ltr'>Altius</span> <span class='ocrx_word' id='word_1_50' title='bbox 639 2543 810 2622; x_wconf 80' lang='lat' dir='ltr'>ingreditur,</span> <span class='ocrx_word' id='word_1_51' title='bbox 829 2554 859 2602; x_wconf 93' lang='lat' dir='ltr'>et</span> <span class='ocrx_word' id='word_1_52' title='bbox 872 2542 972 2602; x_wconf 85' lang='lat' dir='ltr'>mollia</span> <span class='ocrx_word' id='word_1_53' title='bbox 985 2561 1067 2602; x_wconf 83' lang='lat' dir='ltr'>crura</span> <span class='ocrx_word' id='word_1_54' title='bbox 1080 2542 1204 2620; x_wconf 88' lang='lat' dir='ltr'>reponit.</span> 
     </span>
     <span class='ocr_line' id='line_1_9' title="bbox 530 2645 1271 2716; baseline -0.005 -10"><span class='ocrx_word' id='word_1_55' title='bbox 530 2647 642 2707; x_wconf 77' lang='lat' dir='ltr'>Primus</span> <span class='ocrx_word' id='word_1_56' title='bbox 653 2656 684 2705; x_wconf 92' lang='lat' dir='ltr'>et</span> <span class='ocrx_word' id='word_1_57' title='bbox 696 2647 738 2705; x_wconf 88' lang='lat' dir='ltr'>ire</span> <span class='ocrx_word' id='word_1_58' title='bbox 753 2646 841 2716; x_wconf 82' lang='lat' dir='ltr'>viam,</span> <span class='ocrx_word' id='word_1_59' title='bbox 860 2657 890 2704; x_wconf 89' lang='lat' dir='ltr'>et</span> <span class='ocrx_word' id='word_1_60' title='bbox 904 2645 1007 2704; x_wconf 87' lang='lat' dir='ltr'>fluvios</span> <span class='ocrx_word' id='word_1_61' title='bbox 1021 2654 1132 2704; x_wconf 88' lang='lat' dir='ltr'>tentare</span> <span class='ocrx_word' id='word_1_62' title='bbox 1145 2645 1271 2703; x_wconf 80' lang='lat' dir='ltr'>minaces</span> 
     </span>
     <span class='ocr_line' id='line_1_10' title="bbox 532 2747 1164 2827; baseline -0.008 -17"><span class='ocrx_word' id='word_1_63' title='bbox 532 2751 641 2819; x_wconf 84' lang='lat' dir='ltr'>Audet,</span> <span class='ocrx_word' id='word_1_64' title='bbox 659 2760 690 2808; x_wconf 87' lang='lat' dir='ltr'>et</span> <span class='ocrx_word' id='word_1_65' title='bbox 701 2750 804 2827; x_wconf 86' lang='lat' dir='ltr'>ignoto</span> <span class='ocrx_word' id='word_1_66' title='bbox 818 2748 874 2807; x_wconf 86' lang='lat' dir='ltr'>sese</span> <span class='ocrx_word' id='word_1_67' title='bbox 886 2749 1057 2807; x_wconf 83' lang='lat' dir='ltr'>conmittere</span> <span class='ocrx_word' id='word_1_68' title='bbox 1068 2747 1151 2826; x_wconf 90' lang='lat' dir='ltr'>ponti</span> <span class='ocrx_word' id='word_1_69' title='bbox 1155 2772 1164 2819; x_wconf 84' lang='lat'>3</span> 
     </span>
     <span class='ocr_line' id='line_1_11' title="bbox 532 2849 1272 2930; baseline -0.005 -18"><span class='ocrx_word' id='word_1_70' title='bbox 532 2854 598 2912; x_wconf 89' lang='lat' dir='ltr'>Nec</span> <span class='ocrx_word' id='word_1_71' title='bbox 610 2871 697 2912; x_wconf 85' lang='lat' dir='ltr'>vanos</span> <span class='ocrx_word' id='word_1_72' title='bbox 710 2852 808 2910; x_wconf 89' lang='lat' dir='ltr'>horret</span> <span class='ocrx_word' id='word_1_73' title='bbox 821 2852 961 2930; x_wconf 85' lang='lat' dir='ltr'>strepitus.</span> <span class='ocrx_word' id='word_1_74' title='bbox 1002 2850 1050 2908; x_wconf 95' lang='lat' dir='ltr'>Illi</span> <span class='ocrx_word' id='word_1_75' title='bbox 1064 2851 1151 2909; x_wconf 82' lang='lat' dir='ltr'>ardus</span> <span class='ocrx_word' id='word_1_76' title='bbox 1164 2849 1272 2915; x_wconf 81' lang='lat' dir='ltr'>cervix,</span> 
     </span>
     <span class='ocr_line' id='line_1_12' title="bbox 532 2951 1334 3033; baseline -0.012 -16"><span class='ocrx_word' id='word_1_77' title='bbox 532 2958 738 3033; x_wconf 81' lang='lat' dir='ltr'>Argutumque</span> <span class='ocrx_word' id='word_1_78' title='bbox 751 2962 846 3030; x_wconf 91' lang='lat' dir='ltr'>caput,</span> <span class='ocrx_word' id='word_1_79' title='bbox 866 2953 961 3012; x_wconf 88' lang='lat' dir='ltr'>brevis</span> <span class='ocrx_word' id='word_1_80' title='bbox 973 2954 1063 3022; x_wconf 83' lang='lat' dir='ltr'>alvus,</span> <span class='ocrx_word' id='word_1_81' title='bbox 1081 2951 1222 3028; x_wconf 81' lang='lat' dir='ltr'>obesaque</span> <span class='ocrx_word' id='word_1_82' title='bbox 1235 2960 1334 3027; x_wconf 72' lang='lat' dir='ltr'>terga,</span> 
     </span>
     <span class='ocr_line' id='line_1_13' title="bbox 534 3053 1272 3135; baseline -0.007 -19"><span class='ocrx_word' id='word_1_83' title='bbox 534 3057 733 3134; x_wconf 83' lang='lat' dir='ltr'>Luxuriatque</span> <span class='ocrx_word' id='word_1_84' title='bbox 747 3057 815 3115; x_wconf 87' lang='lat' dir='ltr'>toris</span> <span class='ocrx_word' id='word_1_85' title='bbox 828 3056 990 3115; x_wconf 80' lang='lat' dir='ltr'>animosum</span> <span class='ocrx_word' id='word_1_86' title='bbox 1003 3056 1110 3135; x_wconf 70' lang='lat' dir='ltr'>pestus.</span> <span class='ocrx_word' id='word_1_87' title='bbox 1150 3053 1272 3112; x_wconf 79' lang='lat' dir='ltr'>Honesti</span> 
     </span>
     <span class='ocr_line' id='line_1_14' title="bbox 534 3155 1241 3238; baseline -0.01 -18"><span class='ocrx_word' id='word_1_88' title='bbox 534 3159 676 3238; x_wconf 88' lang='lat' dir='ltr'>Spadices,</span> <span class='ocrx_word' id='word_1_89' title='bbox 697 3158 865 3236; x_wconf 83' lang='lat' dir='ltr'>glaucique:</span> <span class='ocrx_word' id='word_1_90' title='bbox 888 3159 966 3216; x_wconf 92' lang='lat' dir='ltr'>color</span> <span class='ocrx_word' id='word_1_91' title='bbox 979 3157 1147 3216; x_wconf 85' lang='lat' dir='ltr'>deterrimus</span> <span class='ocrx_word' id='word_1_92' title='bbox 1159 3155 1241 3223; x_wconf 86' lang='lat' dir='ltr'>albis,</span> 
     </span>
     <span class='ocr_line' id='line_1_15' title="bbox 535 3259 1334 3342; baseline -0.008 -20"><span class='ocrx_word' id='word_1_93' title='bbox 535 3264 573 3322; x_wconf 86' lang='lat' dir='ltr'>Et</span> <span class='ocrx_word' id='word_1_94' title='bbox 585 3262 674 3342; x_wconf 86' lang='lat' dir='ltr'>gilvo.</span> <span class='ocrx_word' id='word_1_95' title='bbox 702 3263 791 3331; x_wconf 89' lang='lat' dir='ltr'>Tum,</span> <span class='ocrx_word' id='word_1_96' title='bbox 804 3261 891 3337; x_wconf 77' lang='lat' dir='ltr'>siqua</span> <span class='ocrx_word' id='word_1_97' title='bbox 906 3260 1007 3318; x_wconf 89' lang='lat' dir='ltr'>sonum</span> <span class='ocrx_word' id='word_1_98' title='bbox 1020 3259 1119 3338; x_wconf 86' lang='lat' dir='ltr'>procul</span> <span class='ocrx_word' id='word_1_99' title='bbox 1132 3278 1211 3318; x_wconf 82' lang='lat' dir='ltr'>arma</span> <span class='ocrx_word' id='word_1_100' title='bbox 1222 3259 1334 3328; x_wconf 84' lang='lat' dir='ltr'>dedere,</span> 
     </span>
     <span class='ocr_line' id='line_1_16' title="bbox 535 3361 1335 3436; baseline -0.009 -11"><span class='ocrx_word' id='word_1_101' title='bbox 535 3368 614 3425; x_wconf 82' lang='lat' dir='ltr'>Stare</span> <span class='ocrx_word' id='word_1_102' title='bbox 626 3365 691 3424; x_wconf 90' lang='lat' dir='ltr'>loco</span> <span class='ocrx_word' id='word_1_103' title='bbox 704 3363 809 3436; x_wconf 73' lang='lat' dir='ltr'>nescit,</span> <span class='ocrx_word' id='word_1_104' title='bbox 831 3363 921 3421; x_wconf 89' lang='lat' dir='ltr'>micat</span> <span class='ocrx_word' id='word_1_105' title='bbox 935 3363 1061 3433; x_wconf 87' lang='lat' dir='ltr'>auribus,</span> <span class='ocrx_word' id='word_1_106' title='bbox 1081 3372 1112 3420; x_wconf 93' lang='lat' dir='ltr'>et</span> <span class='ocrx_word' id='word_1_107' title='bbox 1125 3361 1224 3421; x_wconf 85' lang='lat' dir='ltr'>tremit</span> <span class='ocrx_word' id='word_1_108' title='bbox 1241 3370 1335 3431; x_wconf 85' lang='lat' dir='ltr'>artus;</span> 
     </span>
     <span class='ocr_line' id='line_1_17' title="bbox 535 3463 1333 3544; baseline -0.009 -17"><span class='ocrx_word' id='word_1_109' title='bbox 535 3468 764 3544; x_wconf 74' lang='lat' dir='ltr'>Conledtumque</span> <span class='ocrx_word' id='word_1_110' title='bbox 782 3467 908 3524; x_wconf 84' lang='lat' dir='ltr'>fremens</span> <span class='ocrx_word' id='word_1_111' title='bbox 920 3465 1011 3524; x_wconf 86' lang='lat' dir='ltr'>volvit</span> <span class='ocrx_word' id='word_1_112' title='bbox 1024 3464 1076 3523; x_wconf 93' lang='lat' dir='ltr'>sub</span> <span class='ocrx_word' id='word_1_113' title='bbox 1090 3464 1206 3523; x_wconf 85' lang='lat' dir='ltr'>nasibus</span> <span class='ocrx_word' id='word_1_114' title='bbox 1219 3463 1333 3540; x_wconf 85' lang='lat' dir='ltr'>ignem:</span> 
     </span>
     <span class='ocr_line' id='line_1_18' title="bbox 535 3567 1303 3648; baseline -0.007 -18"><span class='ocrx_word' id='word_1_115' title='bbox 535 3570 632 3630; x_wconf 87' lang='lat' dir='ltr'>Densa</span> <span class='ocrx_word' id='word_1_116' title='bbox 641 3569 722 3648; x_wconf 88' lang='lat' dir='ltr'>juba,</span> <span class='ocrx_word' id='word_1_117' title='bbox 742 3581 772 3628; x_wconf 91' lang='lat' dir='ltr'>et</span> <span class='ocrx_word' id='word_1_118' title='bbox 785 3571 887 3627; x_wconf 81' lang='lat' dir='ltr'>dextro</span> <span class='ocrx_word' id='word_1_119' title='bbox 896 3569 1002 3646; x_wconf 72' lang='lat' dir='ltr'>jactata</span> <span class='ocrx_word' id='word_1_120' title='bbox 1016 3567 1158 3626; x_wconf 83' lang='lat' dir='ltr'>recumbit</span> <span class='ocrx_word' id='word_1_121' title='bbox 1171 3567 1202 3625; x_wconf 89' lang='lat' dir='ltr'>iu</span> <span class='ocrx_word' id='word_1_122' title='bbox 1214 3586 1303 3625; x_wconf 84' lang='lat' dir='ltr'>armo.</span> 
     </span>
     <span class='ocr_line' id='line_1_19' title="bbox 535 3671 1264 3751; baseline -0.007 -18"><span class='ocrx_word' id='word_1_123' title='bbox 535 3675 579 3733; x_wconf 77' lang='lat' dir='ltr'>At</span> <span class='ocrx_word' id='word_1_124' title='bbox 591 3674 699 3751; x_wconf 68' lang='lat' dir='ltr'>duplex</span> <span class='ocrx_word' id='word_1_125' title='bbox 712 3673 808 3749; x_wconf 88' lang='lat' dir='ltr'>agitur</span> <span class='ocrx_word' id='word_1_126' title='bbox 821 3691 871 3750; x_wconf 86' lang='lat' dir='ltr'>per</span> <span class='ocrx_word' id='word_1_127' title='bbox 883 3672 996 3731; x_wconf 88' lang='lat' dir='ltr'>lumbos</span> <span class='ocrx_word' id='word_1_128' title='bbox 1009 3671 1088 3749; x_wconf 90' lang='lat' dir='ltr'>spina</span> <span class='ocrx_word' id='word_1_129' title='bbox 1095 3695 1103 3741; x_wconf 78' lang='lat'><em>3</em></span> <span class='ocrx_word' id='word_1_130' title='bbox 1124 3681 1264 3745; x_wconf 83' lang='lat' dir='ltr'>cavatque</span> 
     </span>
     <span class='ocr_line' id='line_1_20' title="bbox 534 3772 1312 3849; baseline -0.008 -14"><span class='ocrx_word' id='word_1_131' title='bbox 534 3776 693 3845; x_wconf 86' lang='lat' dir='ltr'>Tellurem,</span> <span class='ocrx_word' id='word_1_132' title='bbox 713 3787 742 3833; x_wconf 92' lang='lat' dir='ltr'>et</span> <span class='ocrx_word' id='word_1_133' title='bbox 755 3773 846 3832; x_wconf 91' lang='lat' dir='ltr'>solido</span> <span class='ocrx_word' id='word_1_134' title='bbox 859 3774 985 3849; x_wconf 80' lang='lat' dir='ltr'>graviter</span> <span class='ocrx_word' id='word_1_135' title='bbox 997 3772 1079 3831; x_wconf 87' lang='lat' dir='ltr'>sonat</span> <span class='ocrx_word' id='word_1_136' title='bbox 1091 3772 1312 3849; x_wconf 84' lang='lat' dir='ltr'>ungulaoomu.</span> 
     </span>
     <span class='ocr_line' id='line_1_21' title="bbox 535 3874 1205 3954; baseline -0.007 -17"><span class='ocrx_word' id='word_1_137' title='bbox 535 3878 624 3948; x_wconf 78' lang='lat' dir='ltr'>Talis,</span> <span class='ocrx_word' id='word_1_138' title='bbox 645 3877 788 3954; x_wconf 78' lang='lat' dir='ltr'>Amyclaei</span> <span class='ocrx_word' id='word_1_139' title='bbox 801 3876 927 3934; x_wconf 88' lang='lat' dir='ltr'>domitus</span> <span class='ocrx_word' id='word_1_140' title='bbox 941 3874 1063 3933; x_wconf 79' lang='lat' dir='ltr'>Pollucis</span> <span class='ocrx_word' id='word_1_141' title='bbox 1076 3874 1205 3945; x_wconf 85' lang='lat' dir='ltr'>habenis,</span> 
     </span>
     <span class='ocr_line' id='line_1_22' title="bbox 536 3977 1252 4058; baseline -0.008 -18"><span class='ocrx_word' id='word_1_142' title='bbox 536 3981 678 4058; x_wconf 86' lang='lat' dir='ltr'>Cyllarus,</span> <span class='ocrx_word' id='word_1_143' title='bbox 699 3990 736 4050; x_wconf 87' lang='lat' dir='ltr'>et,</span> <span class='ocrx_word' id='word_1_144' title='bbox 750 3997 873 4054; x_wconf 90' lang='lat' dir='ltr'>quorum</span> <span class='ocrx_word' id='word_1_145' title='bbox 886 3977 968 4037; x_wconf 86' lang='lat' dir='ltr'>Graii</span> <span class='ocrx_word' id='word_1_146' title='bbox 981 3977 1138 4035; x_wconf 88' lang='lat' dir='ltr'>meminere</span> <span class='ocrx_word' id='word_1_147' title='bbox 1151 3979 1252 4054; x_wconf 69' lang='lat' dir='ltr'>poetae,</span> 
     </span>
     <span class='ocr_line' id='line_1_23' title="bbox 535 4079 1267 4158; baseline -0.007 -15"><span class='ocrx_word' id='word_1_148' title='bbox 535 4084 642 4143; x_wconf 88' lang='lat' dir='ltr'>Martis</span> <span class='ocrx_word' id='word_1_149' title='bbox 655 4082 723 4158; x_wconf 86' lang='lat' dir='ltr'>equi</span> <span class='ocrx_word' id='word_1_150' title='bbox 736 4080 856 4158; x_wconf 84' lang='lat' dir='ltr'>bijuges,</span> <span class='ocrx_word' id='word_1_151' title='bbox 875 4089 905 4137; x_wconf 90' lang='lat' dir='ltr'>et</span> <span class='ocrx_word' id='word_1_152' title='bbox 918 4079 1018 4156; x_wconf 89' lang='lat' dir='ltr'>magni</span> <span class='ocrx_word' id='word_1_153' title='bbox 1031 4099 1129 4138; x_wconf 89' lang='lat' dir='ltr'>currus</span> <span class='ocrx_word' id='word_1_154' title='bbox 1142 4079 1267 4138; x_wconf 89' lang='lat' dir='ltr'>Achilli.</span> 
     </span>
     <span class='ocr_line' id='line_1_24' title="bbox 534 4181 1231 4261; baseline -0.006 -17"><span class='ocrx_word' id='word_1_155' title='bbox 534 4185 616 4245; x_wconf 84' lang='lat' dir='ltr'>Talis</span> <span class='ocrx_word' id='word_1_156' title='bbox 629 4195 659 4244; x_wconf 90' lang='lat' dir='ltr'>et</span> <span class='ocrx_word' id='word_1_157' title='bbox 671 4183 731 4261; x_wconf 90' lang='lat' dir='ltr'>ipse</span> <span class='ocrx_word' id='word_1_158' title='bbox 740 4181 842 4259; x_wconf 88' lang='lat' dir='ltr'>jubani</span> <span class='ocrx_word' id='word_1_159' title='bbox 855 4181 965 4246; x_wconf 81' lang='lat' dir='ltr'>cervice</span> <span class='ocrx_word' id='word_1_160' title='bbox 978 4181 1103 4240; x_wconf 88' lang='lat' dir='ltr'>effundit</span> <span class='ocrx_word' id='word_1_161' title='bbox 1116 4181 1231 4258; x_wconf 77' lang='lat' dir='ltr'>equina,</span> 
     </span>
     <span class='ocr_line' id='line_1_25' title="bbox 536 4284 1263 4365; baseline -0.008 -18"><span class='ocrx_word' id='word_1_162' title='bbox 536 4286 676 4365; x_wconf 80' lang='lat' dir='ltr'>conjugis</span> <span class='ocrx_word' id='word_1_163' title='bbox 688 4287 814 4344; x_wconf 80' lang='lat' dir='ltr'>adventu</span> <span class='ocrx_word' id='word_1_164' title='bbox 827 4284 939 4362; x_wconf 80' lang='lat' dir='ltr'>pernis,</span> <span class='ocrx_word' id='word_1_165' title='bbox 959 4286 1105 4356; x_wconf 88' lang='lat' dir='ltr'>Saturnus,</span> <span class='ocrx_word' id='word_1_166' title='bbox 1126 4294 1156 4343; x_wconf 89' lang='lat' dir='ltr'>et</span> <span class='ocrx_word' id='word_1_167' title='bbox 1169 4284 1263 4349; x_wconf 88' lang='lat' dir='ltr'>altum</span> 
     </span>
     <span class='ocr_line' id='line_1_26' title="bbox 537 4387 1137 4465; baseline -0.01 -15"><span class='ocrx_word' id='word_1_168' title='bbox 537 4391 635 4451; x_wconf 89' lang='lat' dir='ltr'>Pelion</span> <span class='ocrx_word' id='word_1_169' title='bbox 648 4388 767 4447; x_wconf 87' lang='lat' dir='ltr'>hinnitu</span> <span class='ocrx_word' id='word_1_170' title='bbox 780 4387 896 4465; x_wconf 86' lang='lat' dir='ltr'>fugiens</span> <span class='ocrx_word' id='word_1_171' title='bbox 909 4387 1032 4464; x_wconf 88' lang='lat' dir='ltr'>inplevit</span> <span class='ocrx_word' id='word_1_172' title='bbox 1045 4397 1137 4445; x_wconf 86' lang='lat' dir='ltr'>acuto.</span> 
     </span>
    </p>

    <p class='ocr_par' dir='ltr' id='par_1_6' title="bbox 575 4483 1339 4569">
     <span class='ocr_line' id='line_1_27' title="bbox 575 4483 1339 4569; baseline -0.005 -17"><span class='ocrx_word' id='word_1_173' title='bbox 575 4493 664 4552; x_wconf 90' lang='lat' dir='ltr'>Hunc</span> <span class='ocrx_word' id='word_1_174' title='bbox 683 4510 807 4569; x_wconf 87' lang='lat' dir='ltr'>quoque,</span> <span class='ocrx_word' id='word_1_175' title='bbox 827 4490 879 4548; x_wconf 90' lang='lat' dir='ltr'>ubi</span> <span class='ocrx_word' id='word_1_176' title='bbox 897 4500 948 4547; x_wconf 90' lang='lat' dir='ltr'>aut</span> <span class='ocrx_word' id='word_1_177' title='bbox 962 4483 1066 4549; x_wconf 60' lang='lat' dir='ltr'>⁴morbo</span> <span class='ocrx_word' id='word_1_178' title='bbox 1087 4487 1190 4565; x_wconf 85' lang='lat' dir='ltr'>gravis,</span> <span class='ocrx_word' id='word_1_179' title='bbox 1210 4498 1261 4547; x_wconf 88' lang='lat' dir='ltr'>aut</span> <span class='ocrx_word' id='word_1_180' title='bbox 1277 4486 1339 4565; x_wconf 90' lang='lat' dir='ltr'>jam</span> 
     </span>
    </p>

    <p class='ocr_par' dir='ltr' id='par_1_7' title="bbox 654 4594 872 4672">
     <span class='ocr_line' id='line_1_28' title="bbox 654 4594 872 4672; baseline -0.023 -18"><span class='ocrx_word' id='word_1_181' title='bbox 654 4594 767 4672; x_wconf 82' lang='lat' dir='ltr'>segnior</span> <span class='ocrx_word' id='word_1_182' title='bbox 780 4594 872 4662; x_wconf 88' lang='lat' dir='ltr'>annis,</span> 
     </span>
    </p>

    <p class='ocr_par' dir='ltr' id='par_1_8' title="bbox 537 4692 1301 4772">
     <span class='ocr_line' id='line_1_29' title="bbox 537 4692 1301 4772; baseline -0.01 -10"><span class='ocrx_word' id='word_1_183' title='bbox 537 4699 656 4771; x_wconf 82' lang='lat' dir='ltr'>Deficit,</span> <span class='ocrx_word' id='word_1_184' title='bbox 675 4698 749 4758; x_wconf 83' lang='lat' dir='ltr'>abde</span> <span class='ocrx_word' id='word_1_185' title='bbox 761 4697 848 4756; x_wconf 87' lang='lat' dir='ltr'>domo</span> <span class='ocrx_word' id='word_1_186' title='bbox 854 4719 865 4767; x_wconf 73' lang='lat'>5</span> <span class='ocrx_word' id='word_1_187' title='bbox 884 4713 938 4754; x_wconf 89' lang='lat' dir='ltr'>nec</span> <span class='ocrx_word' id='word_1_188' title='bbox 951 4694 1029 4771; x_wconf 89' lang='lat' dir='ltr'>turpi</span> <span class='ocrx_word' id='word_1_189' title='bbox 1042 4692 1159 4772; x_wconf 79' lang='lat' dir='ltr'>ignosce</span> <span class='ocrx_word' id='word_1_190' title='bbox 1171 4692 1301 4754; x_wconf 67' lang='lat' dir='ltr'>fenestre.</span> 
     </span>
    </p>
   </div>
   <div class='ocr_carea' id='block_1_4' title="bbox 0 0 1771 6884">
    <p class='ocr_par' dir='ltr' id='par_1_9' title="bbox 0 0 1771 6884">
     <span class='ocr_line' id='line_1_30' title="bbox 0 0 1771 6884; baseline 0 0"><span class='ocrx_word' id='word_1_191' title='bbox 0 0 1771 6884; x_wconf 95' lang='lat' dir='ltr'> </span> 
     </span>
    </p>
   </div>
  </div>
 </body>
</html>
