3492 6884
515 1783 556 1841 46
747 1786 1072 1861 GEORGICON,
1197 1801 1302 1853 um.

516 1937 581 1996 Nec
594 1948 701 2015 torpere
714 1941 793 2016 gravi
806 1944 897 2020 pasius
910 1943 958 2003 sua
972 1965 1058 2022 regna
1070 1956 1194 2005 veterno.
1211 1980 1213 1984 ·

554 2042 633 2098 Ante
645 2042 745 2118 jovem
758 2045 829 2101 nulli
842 2045 1010 2122 subigebant
1023 2066 1089 2105 arva
1099 2049 1207 2105 coloni:

515 2141 564 2199 Ne
576 2141 684 2219 signare
697 2143 814 2219 quidem
827 2159 876 2204 aut
889 2148 987 2224 partiri
1000 2148 1091 2206 limite
1104 2169 1238 2227 eampum
1262 2199 1265 2204 .

515 2242 567 2300 Fas
580 2253 652 2301 erat:
674 2244 705 2301 in
718 2246 845 2304 medium
858 2251 1035 2323 quaerebant;
1056 2250 1172 2327 ipsaque
1183 2252 1266 2310 tellus

514 2342 621 2403 Omnia
633 2345 757 2414 liberius,
777 2348 856 2405 nullo
870 2351 1011 2426 poscente,
1031 2351 1147 2409 ferebat.

514 2445 567 2508 Ille
579 2445 687 2503 malum
699 2446 775 2505 virus
788 2448 963 2525 serpentibus
976 2451 1086 2510 addidit
1098 2452 1175 2519 atris,

514 2548 690 2622 Praedarique
702 2549 782 2625 lupos
791 2548 878 2625 jussit,
899 2562 1075 2627 pontumque
1087 2554 1209 2624 moveri3

512 2649 659 2724 Mellaque
671 2649 788 2707 decullit
800 2651 886 2717 foliis,
906 2652 1060 2729 ignemque
1072 2653 1200 2723 removit,

513 2753 550 2809 Et
562 2751 660 2829 passim
673 2752 740 2809 rivis
754 2754 896 2811 currentia
908 2755 974 2812 vina
987 2757 1123 2832 repreffit:

511 2854 555 2911 Ut
568 2852 657 2911 varias
669 2852 734 2910 usus
746 2855 911 2912 meditando
922 2859 1090 2915 extunderet
1102 2858 1170 2916 artis

513 2954 672 3023 Paullatim,
685 2963 715 3012 et
727 2955 808 3013 sulcis
821 2956 959 3015 frumenti
972 2971 1109 3034 quaereret
1122 2961 1239 3019 herbam
1245 2986 1254 3031 5

511 3056 555 3113 Ut
569 3056 653 3113 silicis
666 3057 746 3114 venia
759 3057 915 3116 abstrusum
926 3062 1079 3119 excuderet
1091 3062 1199 3138 ignem.

511 3157 596 3214 Tunc
610 3158 687 3215 alnos
700 3158 781 3216 fluvii
794 3159 920 3235 primum
934 3161 1040 3219 sensere
1053 3174 1163 3221 cavatas
1167 3189 1176 3235 ς

510 3259 619 3320 Navita
631 3269 695 3317 tum
708 3259 792 3318 stellis
804 3279 936 3319 numeros
948 3273 977 3320 et
989 3264 1105 3322 nomina
1118 3264 1197 3333 fecit,

510 3362 646 3432 Pleiadas,
666 3361 790 3438 Hyadas,
810 3363 971 3440 claramque
984 3366 1123 3441 Lycaonis
1135 3366 1253 3424 Arbion.

509 3465 587 3523 'rina
600 3463 709 3540 laqueis
721 3476 833 3541 captare
845 3466 927 3533 feras,
947 3475 976 3523 et
989 3466 1087 3524 fallere
1099 3466 1185 3537 visco,

509 3565 671 3635 inventum,
687 3575 716 3622 et
729 3583 848 3643 magnos
861 3567 979 3624 canibus
992 3567 1167 3625 circumdare
1180 3568 1279 3627 saltus:

509 3669 607 3744 Atque
620 3669 691 3726 alius
703 3669 793 3726 latum
806 3668 896 3725 fundi
905 3667 965 3743 jam
978 3671 1105 3726 verberat
1119 3688 1242 3737 amnem,

508 3772 578 3828 Alta
590 3781 689 3846 petens
702 3770 858 3844 pelagoque
872 3768 943 3827 alius
957 3770 1044 3826 trahit
1056 3769 1174 3828 humida
1188 3770 1255 3829 lina.

506 3873 585 3930 Tum
597 3870 665 3928 ferri
678 3870 762 3945 rigor,
781 3880 866 3944 atque
879 3881 985 3945 argutae
997 3871 1102 3929 lamina
1115 3872 1212 3942 serm

508 3973 601 4050 (Nam
614 3971 700 4048 primi
713 3971 811 4028 cuneis
823 3970 987 4029 scindebant
1000 3971 1079 4030 fisiile
1090 3974 1218 4049 liguum)

507 4078 585 4135 Tum
597 4075 682 4133 variat
695 4092 797 4132 venere
810 4084 895 4130 artes:
917 4074 997 4132 labor
1008 4075 1105 4133 omnia
1113 4076 1190 4133 uicit

507 4178 655 4254 Inprobus,
676 4185 706 4232 et
719 4175 795 4232 duris
807 4193 931 4250 urguens
944 4174 976 4232 in
989 4177 1070 4233 rebus
1084 4176 1198 4253 egestas.

506 4280 601 4338 Prima
614 4280 699 4336 Ceres
712 4278 787 4334 serto
799 4276 927 4335 mortalis
938 4287 1046 4335 vertere
1060 4288 1164 4335 terram

506 4380 646 4450 Instituit;
668 4398 758 4455 quum
766 4377 826 4454 jam
840 4378 957 4455 glandes
970 4389 1055 4454 atque
1068 4381 1168 4437 arbuta
1182 4381 1266 4439 sacrae

505 4483 669 4542 Deficerent
682 4480 765 4549 srlvae,
785 4489 813 4537 et
827 4480 934 4537 vibium
947 4480 1068 4538 Dodona
1081 4493 1207 4558 negaret.

504 4584 578 4642 Mox
591 4594 620 4641 et
633 4582 783 4640 frumentis
795 4582 875 4640 labor
886 4582 1014 4654 additus;
1036 4592 1069 4640 ut
1081 4585 1155 4642 mala
1169 4585 1277 4643 culmos

504 4686 580 4744 Esset
592 4684 701 4763 robigo,
721 4682 869 4761 segnisque
884 4683 1011 4741 horreret
1024 4683 1055 4741 in
1068 4684 1142 4744 arvia
