3492 6884
527 1777 549 1837 6
761 1776 1066 1845 BUCOLICA,
1233 1787 1322 1845 v.23.

528 1925 632 1992 Canto,
644 1942 709 1999 quae
722 1923 829 1995 solitus,
852 1926 872 1983 s1
886 1928 1001 2001 quando
1014 1934 1141 1984 armenta
1154 1928 1282 1995 vocabat,

528 2026 677 2102 Amphion
688 2027 816 2086 Dircaeus
829 2029 860 2086 in
874 2029 974 2087 nureo
987 2028 1163 2105 Aracyntho.

527 2127 593 2185 Nec
606 2128 668 2185 sum
683 2130 753 2186 adeo
765 2129 911 2206 insonnis3
933 2149 1025 2207 nuper
1037 2149 1084 2187 me
1097 2130 1129 2187 in
1142 2130 1225 2187 litore
1240 2130 1310 2198 ridi,

528 2229 630 2287 Quum
639 2229 786 2306 placidum
793 2232 887 2290 ventis
898 2231 981 2289 staret
990 2249 1083 2292 mare:
1097 2231 1324 2309 nondgoDaph·

643 2332 704 2401 nin,

527 2435 681 2512 Judicete,
694 2445 832 2505 metuam,
854 2435 874 2492 s1
889 2454 1047 2511 numquam
1061 2435 1136 2493 fallit
1149 2433 1256 2512 imago.

566 2538 595 2597 Ο
609 2547 723 2595 tantum
738 2538 826 2594 libeat
840 2555 955 2594 mecum
969 2538 1023 2595 tibi
1038 2537 1148 2595 sordida
1162 2556 1226 2594 rura

526 2640 626 2715 Atque
638 2635 757 2696 humilis
768 2639 897 2696 babitare
910 2639 996 2708 casas,
1015 2649 1045 2696 et
1059 2639 1147 2714 figere
1160 2658 1266 2707 cervos,

526 2741 742 2816 Haedorumque
755 2759 872 2816 gregem
886 2741 970 2798 viridi
983 2741 1144 2817 conpellere
1156 2739 1280 2798 hibisco!

528 2843 649 2900 Mecum
662 2859 719 2899 una
733 2842 764 2899 in
779 2842 852 2900 srlvis
865 2842 1016 2900 imitabere
1031 2844 1105 2899 Pana
1118 2842 1256 2899 canendo.

526 2945 585 3003 Pan
597 2944 707 3020 primus
720 2943 842 3001 calamos
854 2945 918 3001 cerd
931 2943 1105 3019 conjungere
1116 2943 1206 3020 pluris

525 3044 653 3104 Instituit
658 3070 667 3116 5
689 3046 745 3102 Pan
759 3054 839 3102 curat
852 3044 912 3102 oris
924 3045 1080 3120 oviumque
1092 3044 1254 3120 magistros:

526 3147 591 3205 Nec
605 3157 634 3204 to
646 3146 785 3223 poeniteat
797 3146 908 3204 calamo
921 3143 1027 3204 trivisse
1040 3146 1186 3205 labellum.

527 3249 600 3307 Haec
613 3250 712 3306 eadem
726 3259 759 3305 ut
772 3247 864 3317 sciret,
877 3249 947 3324 quid
961 3267 1019 3305 non
1032 3248 1156 3306 faciebat
1164 3251 1324 3325 Amyntas?

527 3349 575 3408 Est
588 3349 661 3408 mihi
675 3350 832 3426 disparibus
845 3348 955 3427 septem
968 3350 1103 3427 conpabta
1116 3350 1218 3408 cicutis

526 3452 641 3524 Fistula,
655 3453 802 3511 Damoetas
815 3454 892 3510 dono
905 3452 978 3511 mihi
991 3471 1079 3529 quam
1092 3452 1172 3511 dedit
1185 3452 1266 3516 olim,

525 3556 564 3613 Et
577 3555 654 3613 dixit
666 3556 804 3614 moriens:
825 3557 870 3616 Te
883 3575 960 3613 nunc
974 3556 1060 3613 habet
1074 3554 1125 3612 ista
1138 3554 1305 3613 secundum.
1420 3585 1423 3590 ·

526 3658 612 3716 Dixit
624 3659 785 3716 Damoetas:
807 3657 913 3715 invidit
927 3658 1026 3718 stultus
1038 3659 1191 3733 Amyntas.

525 3760 664 3817 Praeterea
677 3761 744 3826 duo,
758 3778 811 3816 nec
826 3760 888 3814 tutd
901 3758 975 3814 mihi
988 3759 1061 3815 valle
1074 3758 1189 3835 reperti,

526 3860 669 3937 Capreoli,
690 3859 788 3936 sparsrs
800 3859 888 3916 etiam
902 3878 978 3918 nunc
992 3856 1114 3938 pellibus
1127 3862 1202 3931 albo,

525 3962 599 4020 Bina
612 3961 659 4018 die
672 3960 777 4018 siccant
789 3960 850 4018 ovis
863 3963 961 4032 ubera;
982 3981 1053 4038 quos
1067 3963 1121 4021 tibi
1135 3963 1224 4021 servo.

526 4065 592 4142 Jam
605 4064 717 4140 pridem
730 4083 746 4121 a
760 4082 807 4120 me
820 4063 884 4121 illos
897 4064 1036 4122 abducere
1048 4064 1190 4143 Thestylis
1203 4074 1279 4123 orat:

526 4168 565 4224 Et
578 4167 679 4237 saciet'3
701 4166 838 4241 quoniam
851 4167 967 4224 sordent
979 4167 1033 4225 tibi
1046 4186 1165 4226 munera
1178 4168 1280 4227 nostra.

526 4269 595 4326 Huc
608 4270 683 4338 ades,
704 4268 858 4326 osor'mose
872 4257 959 4345 puer!
983 4269 1037 4326 tibi
1051 4269 1112 4326 lilia
1127 4270 1218 4346 plenis

525 4371 612 4430 Ecce!
628 4372 725 4429 serunt
733 4371 879 4448 Nymphae
892 4371 1010 4429 calathis
1016 4397 1024 4442 ;
1045 4363 1323 4445 tibi'eandidaNais,

526 4472 661 4531 Pallentis
673 4472 761 4530 violas
773 4483 802 4530 et
816 4471 926 4530 summa
938 4459 1077 4550 papavcra
1090 4493 1216 4551 carpens,

525 4574 690 4634 Narcissum
702 4583 731 4633 et
742 4575 844 4632 florem
853 4574 954 4651 jungit
965 4576 1037 4632 bene
1052 4576 1156 4634 olentis
1168 4577 1280 4648 anethi3

524 4679 612 4750 Turn,
625 4677 697 4735 casti
711 4686 796 4754 atque
809 4676 873 4735 aliis
885 4677 1018 4736 intexens
1031 4678 1163 4737 suavibus
1176 4679 1280 4748 herbis,
