3492 6884
511 1781 551 1841 aa
760 1782 1060 1851 rucuma,
1215 1793 1306 1856 ηρ.

839 1955 1001 1995 conrnou.

518 2034 612 2094 Satofi
625 2045 710 2111 caput
724 2037 778 2094 hoc
790 2038 850 2113 apri
864 2038 928 2108 tibi,
949 2035 1041 2106 Delia,
1060 2053 1163 2113 parvus

516 2138 555 2195 Et
566 2138 673 2195 ramosa
685 2138 786 2197 Ilficon
797 2139 902 2198 vivacis
914 2157 1018 2196 cornua
1031 2136 1116 2195 cervi.

516 2239 547 2296 Si
560 2238 705 2316 proprium
717 2240 771 2299 hoe
784 2241 880 2309 fuerit,
900 2241 956 2299 levi
969 2243 1006 2298 de
1019 2257 1159 2298 marmore
1172 2246 1232 2295 tota

517 2341 640 2400 Puniceo
652 2341 734 2400 stabis
748 2343 822 2401 suras
835 2343 945 2401 evinda
956 2342 1104 2400 cothurno.

839 2463 979 2502 aaunsrs.

516 2543 615 2603 Sinum
627 2544 715 2615 ladio,
735 2553 766 2602 et
778 2545 839 2603 haec
852 2554 881 2602 te
891 2545 958 2614 liba,
979 2542 1087 2618 Priape,
1108 2541 1270 2616 quotannis

516 2647 682 2723 Exspedlare
695 2646 737 2704 sat
750 2646 802 2703 est:
824 2646 914 2703 custos
924 2665 954 2723 eq
964 2643 1092 2720 pauperis
1102 2642 1187 2700 horti.

516 2749 605 2806 Nunc
619 2756 647 2805 te
658 2765 848 2804 marmoreum
861 2766 911 2823 pro
925 2755 1051 2822 tempore
1061 2744 1194 2813 fecimus3
1216 2751 1246 2800 at
1260 2753 1301 2811 ru,

517 2847 547 2907 Si
560 2848 651 2907 fetura
664 2866 781 2925 gregem
794 2846 973 2925 suppleverit,
987 2865 1087 2905 aureus
1100 2845 1167 2903 esto.

839 2966 999 3007 conroou,

516 3050 626 3111 Nerine
639 3052 767 3121 Galatea,
788 3050 889 3126 thymo
903 3049 975 3107 mihi
987 3048 1097 3106 dulcior
1109 3048 1224 3124 Hyblae,

516 3154 673 3213 Candidior
684 3153 791 3231 cycnis,
810 3153 895 3210 ederi
907 3152 1054 3209 fonnofior
1065 3151 1143 3208 alba:

517 3256 619 3314 Quum
631 3255 756 3332 primum
770 3253 839 3331 pasti
850 3260 979 3330 repetent
991 3250 1123 3329 praesepia
1137 3249 1220 3319 tauri,

517 3358 547 3417 Si
560 3375 616 3436 qua
630 3357 672 3416 tui
685 3355 844 3433 Corydonis
856 3355 943 3414 habet
958 3365 987 3412 te
999 3372 1076 3424 cura,
1096 3353 1202 3410 venito.

845 3473 986 3515 ananau.

515 3560 611 3622 lmmo
621 3580 675 3639 ego
689 3560 799 3619 Sardois
810 3558 908 3618 videar
920 3557 974 3616 tibi
987 3555 1110 3615 amarior
1121 3554 1223 3625 herbis,

516 3663 666 3728 Horridior
678 3662 768 3732 rusco,
781 3660 903 3739 projoua
915 3659 1000 3717 vilior
1011 3656 1090 3733 alga;

518 3765 547 3824 Si
559 3764 633 3823 mihi
646 3784 703 3822 non
717 3765 778 3822 haec
790 3764 841 3819 lux
854 3770 916 3818 toto
925 3758 986 3836 jam
999 3757 1112 3834 longior
1124 3775 1199 3815 anno
1211 3757 1259 3817 est.

518 3866 564 3926 Ite
575 3865 703 3933 domum,
722 3861 801 3939 palli,
822 3859 920 3936 fiquis
933 3861 1031 3936 pudor,
1052 3860 1102 3930 ite,
1118 3858 1244 3937 juvenci.

837 3979 998 4019 conrnou.

518 4067 643 4134 Musoofi
653 4066 755 4132 fontes,
774 4074 804 4122 et
816 4063 915 4122 somno
926 4061 1040 4121 mollior
1051 4062 1147 4132 herba,

519 4170 558 4230 Et
570 4187 634 4245 quae
648 4186 699 4225 vos
711 4166 772 4224 rard
786 4164 883 4223 viridia
898 4163 970 4241 tegit
982 4166 1098 4221 arbutus
1111 4162 1223 4232 umbrl,

520 4268 676 4330 solffitium
688 4266 783 4345 pecori
796 4263 955 4324 defendite:
973 4263 1035 4342 jam
1047 4264 1128 4323 venit
1141 4264 1217 4322 aellas

519 4370 648 4439 Torrida‚
664 4368 725 4447 jam
736 4368 801 4426 laeto
811 4376 927 4444 turgent
939 4365 969 4424 in
982 4365 1100 4443 palmite
1111 4382 1241 4443 gemmae.

843 4487 984 4527 rnrnsrs.

521 4575 577 4636 His
589 4575 678 4645 focus,
697 4580 728 4631 et
740 4572 821 4632 taedae
833 4571 963 4649 pingues,
984 4569 1031 4629 hic
1044 4569 1182 4647 plurimus
1194 4568 1272 4647 ignis
