3492 6884
437 1785 549 1850 mooe.
743 1775 843 1835 ura.
882 1776 923 1835 11.
1193 1781 1230 1845 7³

438 1933 487 1992 Ad
499 1931 614 2000 ooelum,
632 1929 712 2009 pinei
726 1931 827 1990 crassus
839 1929 972 2009 caligine,
993 1932 1113 1989 nubem':

438 2033 595 2092 Praesertim
608 2032 629 2091 sr
643 2033 791 2111 tempestas
804 2052 820 2091 a
833 2034 939 2092 vertice
952 2033 1026 2091 filvis

435 2137 583 2205 Incubuit,
600 2137 800 2214 glomeratque
813 2136 907 2195 serens
918 2136 1052 2195 incendia
1064 2145 1176 2194 ventus.

437 2240 503 2298 Hoc
516 2239 577 2309 ubi,
598 2257 656 2297 non
669 2256 686 2297 a
699 2238 782 2316 stirpe
795 2240 901 2310 valent,
921 2238 1056 2315 caesaeque
1069 2238 1175 2296 reverti

436 2341 565 2410 Poffuut,
582 2349 669 2417 atque
680 2340 739 2399 ima
753 2341 856 2400 similes
867 2340 1033 2399 revirescere
1046 2342 1132 2398 terra:

437 2442 549 2502 Infelix
562 2441 676 2519 superat
687 2442 764 2503 foliis
777 2442 893 2501 oleaster
906 2442 1018 2501 amaris.

475 2545 542 2603 Nec
556 2545 611 2603 tibi
622 2554 681 2604 tam
691 2546 815 2623 prudens
825 2545 977 2622 quisquam
988 2543 1156 2622 persuadeat
1165 2561 1232 2601 auc-

554 2656 607 2716 tor,

437 2750 593 2821 Tellurem,
606 2750 695 2808 Borea
708 2749 832 2828 rigidam
844 2749 978 2829 spirante,
991 2748 1112 2808 moveri:

438 2851 516 2911 Rura
528 2853 594 2931 gelu
607 2862 670 2911 tum
683 2852 792 2911 claudit
803 2853 905 2922 hiems,
925 2871 979 2911 nec
992 2851 1100 2910 semiue
1108 2850 1186 2929 jaito

438 2954 610 3012 Concretam
621 2954 730 3031 patitur
741 2954 867 3013 radicem
879 2954 1004 3032 adfigere
1018 2964 1107 3012 terrae.

438 3055 566 3134 Optuma
573 3056 683 3114 ¹vinetis
695 3055 774 3124 satio,
794 3075 883 3132 quum
895 3075 962 3115 vere
975 3057 1090 3114 nubenti

438 3158 568 3216 Candida
582 3158 662 3225 venit
675 3157 743 3227 avis,
761 3158 855 3234 longis
866 3158 959 3217 invisa
972 3158 1110 3228 colubris3

438 3258 533 3318 Prima
546 3259 591 3318 vel
604 3258 751 3317 aubiumni
764 3259 815 3316 sub
827 3260 944 3336 frigora,
964 3279 1055 3336 quum
1068 3258 1182 3335 rapidus
1192 3257 1234 3317 sul

438 3361 581 3420 Nondum
600 3360 728 3418 hiemem
749 3360 894 3438 contingit
914 3361 1005 3438 equis,
1027 3360 1090 3437 jam
1108 3360 1235 3438 praeterit

518 3462 608 3519 aestus.

377 3587 380 3591 *
438 3566 500 3627 Ver.
511 3565 581 3623 adeo
594 3563 690 3622 frondi
703 3582 862 3635 nemorum,
874 3583 925 3622 ver
935 3564 1007 3622 utile
1020 3565 1108 3636 filvis5

438 3667 514 3726 Vere
527 3674 641 3725 tument
655 3676 746 3738 terras,
766 3676 796 3723 et
809 3666 946 3744 genitalia
959 3665 1065 3725 semina
1077 3666 1206 3743 poscunt.

438 3770 517 3827 Tum
530 3778 611 3847 pater
622 3768 804 3845 omnipotens
816 3767 946 3826 fecundis
958 3768 1099 3826 imbribus
1109 3768 1217 3827 AEtber

438 3870 577 3948 conjugis
590 3870 622 3927 in
635 3869 778 3947 gremium
794 3871 866 3927 laetae
879 3869 1034 3941 deseendit,
1054 3881 1084 3927 et
1096 3888 1196 3930 omnes

439 3966 566 4052 Magnus
578 3973 640 4043 alit,
658 3992 765 4050 magno
777 3973 941 4033 conmixtus
952 3992 1078 4050 corpore,
1099 3974 1184 4034 tetus.

440 4076 514 4136 Avia
528 4086 592 4134 turn
604 4075 736 4133 resonant
748 4074 847 4133 avibus
859 4075 985 4153 virgulta
997 4075 1116 4147 canoris,

440 4179 478 4236 Et
486 4176 630 4235 Venerem
642 4175 726 4234 certis
739 4186 873 4253 repetunt
884 4186 1014 4235 armenta
1027 4178 1135 4236 diebus.

434 4279 565 4339 ‘Parturit
576 4279 668 4337 almus
683 4296 752 4355 ager
756 4303 765 4350 ;
787 4278 970 4356 Zephyrique
983 4280 1144 4356 tepentibus
1156 4280 1233 4339 auris

440 4386 552 4443 laxant
565 4401 630 4442 arva
641 4383 730 4453 finus3
752 4382 864 4460 superat
877 4391 958 4442 tener
967 4383 1102 4442 omnibus
1113 4384 1216 4443 humor
1220 4409 1230 4456 3

439 4487 531 4563 Inque
544 4504 631 4543 novos
643 4484 714 4542 soles
726 4485 833 4543 audent
845 4485 874 4543 se
887 4485 1016 4562 gramina
1030 4495 1094 4543 tuto

439 4589 578 4659 Credere5
599 4605 652 4645 nec
665 4586 770 4645 metuit
783 4586 924 4663 surgentis
942 4586 1094 4664 pampinus
1106 4587 1233 4659 Austros,

439 4692 503 4761 Aut
514 4689 609 4749 amum
620 4689 693 4748 coelo
705 4688 817 4767 maguis
829 4688 1023 4765 Aquilonibus
1035 4689 1157 4749 imbrem
1162 4713 1173 4763 5
