3492 6884
460 1853 547 1907 v.42.
767 1845 794 1901 L
807 1845 821 1902 I
833 1845 867 1903 B.
907 1843 947 1902 ΙΙ.
1214 1843 1253 1902 63

459 2001 530 2061 Non
542 2018 597 2078 ego
612 2000 713 2058 cunita
726 1999 798 2058 meis
811 1999 944 2076 ampleiti
956 1999 1079 2058 versibus
1094 2008 1177 2075 opto;

460 2104 540 2172 Non,
553 2102 628 2161 mihi
641 2102 660 2159 fi
674 2102 783 2178 linguae
796 2110 915 2159 centurn
928 2101 992 2169 sint,
1011 2120 1117 2176 oraque
1129 2108 1255 2168 centum,

460 2207 559 2265 Ferrea
572 2225 644 2265 voxa
665 2206 741 2275 ades,
760 2215 790 2262 et
803 2203 889 2281 primi
902 2204 966 2280 lege
979 2204 1069 2262 litoris
1081 2224 1175 2275 oram;

460 2311 495 2368 In
508 2309 642 2368 manibus
655 2319 751 2366 terrae:
774 2327 832 2365 non
844 2307 894 2365 bic
908 2317 936 2364 te
948 2307 1072 2365 carmine
1087 2307 1162 2375 ficio,

459 2414 560 2488 Atque
573 2431 624 2489 per
637 2414 771 2488 ambages
785 2423 815 2468 et
828 2411 914 2487 longa
924 2409 1032 2479 exorsa,
1052 2413 1164 2469 tenebo.

499 2517 606 2592 Sponte
620 2515 668 2573 sud
682 2534 746 2591 quae
760 2513 788 2571 se
802 2512 907 2571 tollunt
920 2514 951 2570 in
965 2512 1083 2570 luminis
1095 2532 1186 2583 auras,

460 2620 620 2677 Infecunda
634 2618 761 2694 quidem,
782 2617 829 2675 sed
842 2618 909 2674 laeta
921 2626 951 2673 et
965 2616 1060 2685 sortia,
1079 2614 1213 2693 surgunt:

461 2722 579 2799 Quippe
592 2721 651 2780 solo
669 2735 769 2781 natura
788 2720 890 2778 subest.
929 2720 1040 2780 Tamen
1057 2720 1120 2777 haec
1132 2739 1256 2798 quoque,

537 2826 557 2883 fi
571 2825 635 2902 quis

462 2927 579 2997 inserat,
599 2938 648 2986 aut
661 2928 806 2986 scrobibus
819 2927 935 2986 mandet
949 2936 1060 2985 mutata
1073 2926 1205 2996 subactis,

462 3032 602 3089 Exuerint
615 3032 766 3089 silvestrem
779 3031 922 3100 animum
945 3032 1081 3107 cultuque
1092 3030 1237 3108 frequenti

461 3135 496 3191 In
508 3153 700 3210 quascumque
714 3154 796 3192 voces
809 3134 878 3192 artis
891 3135 966 3192 haud
980 3135 1060 3191 tarda
1073 3132 1236 3210 sequentur.

461 3238 525 3295 Nec
538 3256 597 3294 non
610 3249 639 3295 et
652 3237 760 3306 sterilis,
780 3257 845 3313 quae
859 3237 990 3314 stirpibus
1002 3236 1063 3294 exit
1077 3238 1114 3293 ab
1126 3235 1202 3305 irnis,

456 3340 528 3397 Hoc
541 3339 639 3407 saciet,
653 3358 755 3396 vacuos
770 3341 789 3397 fi
803 3342 836 3397 fit
850 3341 956 3416 digesta
969 3359 1019 3415 per
1031 3358 1126 3416 agros:

461 3444 551 3503 Nunc
563 3445 629 3501 altae
642 3443 757 3500 frondes
769 3452 798 3499 et
811 3442 883 3500 rami
896 3443 994 3500 matris
1006 3452 1137 3518 opacant,

462 3546 664 3622 Crescentique
678 3545 810 3603 adimunt
822 3544 908 3615 fetus,
928 3554 1074 3620 uruntque
1086 3544 1236 3604 ferentem.

500 3653 576 3727 Jum,
589 3669 653 3725 quae
665 3648 821 3706 seminibus
830 3645 914 3725 jactis
926 3648 954 3705 se
968 3646 1077 3705 sustulit
1089 3649 1181 3717 arbos,

461 3754 555 3811 Tarda
569 3752 658 3820 venit,
680 3752 747 3810 seris
760 3752 869 3810 factura
884 3750 1035 3827 nepotibus
1049 3752 1177 3809 umbram
1185 3777 1193 3822 5

462 3857 604 3931 Pomaque
617 3857 791 3932 degenerant
805 3854 902 3911 succos
912 3852 1001 3911 oblita
1015 3852 1122 3929 priores
1127 3878 1136 3925 3

462 3959 499 4016 Et
514 3958 603 4035 turpis
616 3958 715 4017 avibus
728 3959 853 4035 praedam
865 3957 923 4014 fert
935 3976 990 4015 uva
1004 3976 1137 4015 racemos.

463 4061 579 4119 Scilicet
591 4062 724 4119 omnibus
737 4062 776 4119 est
788 4061 868 4118 labor
886 4060 1098 4137 inpendendus;
1119 4069 1148 4118 et
1160 4078 1259 4118 ornnes

463 4165 607 4241 Cogendus
620 4164 650 4220 in
665 4162 785 4229 sulcum,
804 4182 838 4220 ac
851 4161 943 4219 multi
957 4162 1087 4220 mercede
1099 4163 1256 4221 domandae.

462 4267 517 4324 Sed
531 4266 640 4324 truncis
653 4267 723 4323 oleae
736 4266 847 4334 melius,
868 4265 1025 4341 propagine
1038 4265 1110 4322 vites

463 4369 655 4447 Respondent,
674 4369 764 4427 solido
777 4368 890 4445 Paphiae
903 4369 939 4425 de
953 4370 1052 4426 robore
1066 4378 1188 4445 myrtus5

462 4473 569 4531 Plantis
581 4484 611 4531 et
623 4473 702 4530 durae
715 4473 806 4530 coruli
818 4472 983 4540 nascuntur,
1004 4481 1034 4528 et
1046 4472 1147 4547 ingens

462 4574 611 4642 Fraxinus,
630 4574 838 4650 Herculeaeque
851 4576 934 4633 arbos
947 4572 1078 4631 umbrosa
1092 4592 1212 4643 coronae,

463 4678 644 4754 Chaoniique
657 4677 746 4754 patris
759 4676 877 4754 glandes
882 4702 892 4749 ;
913 4676 1001 4736 etiam
1014 4677 1100 4734 ardua
1113 4675 1208 4752 palma

462 4779 609 4848 Nascitur,
627 4789 657 4839 et
671 4778 750 4839 casus
763 4779 841 4839 abies
853 4778 945 4839 visura
959 4777 1092 4838 marinos.
