3492 6884
473 1784 544 1838 250-
739 1773 1014 1849 AENEIDOS,
1182 1782 1269 1850 v.70.

437 1916 440 1922 ⁵
472 1933 552 1992 Dant
569 1934 670 2005 meria,
687 1943 716 1994 et
734 1937 801 1996 lene
818 1936 961 2015 crepitans
972 1944 1058 1996 vocat
1074 1934 1165 1994 euster
1181 1933 1213 1991 in
1225 1932 1270 1991 el·

549 2045 622 2106 rum,

472 2138 627 2196 Deducuut
640 2139 708 2199 socii
722 2141 811 2212 navis,
830 2151 860 2200 et
871 2140 956 2200 litore
969 2140 1115 2219 conplent.

471 2240 659 2300 Provehimur
671 2253 770 2320 pcrtu;
790 2253 938 2321 terreque,
955 2245 1106 2320 urbesque,
1121 2242 1269 2301 recedunt.

511 2343 593 2401 Sacra
606 2344 679 2403 meri
690 2345 795 2404 colitur
806 2346 904 2405 medic
915 2345 1069 2424 gratiffimn
1082 2345 1166 2404 telim

471 2445 633 2505 Nereidum
645 2447 742 2516 matri,
761 2457 792 2507 et
804 2448 943 2526 Neptuno
955 2448 1075 2526 AEgaeo:

473 2551 572 2607 Quam
584 2548 648 2626 piun
661 2550 841 2623 Arcitenens,
861 2570 925 2610 cren
937 2561 968 2610 et
978 2552 1064 2610 litora
1076 2551 1186 2610 circum

472 2654 631 2721 Errantem,
651 2653 747 2730 Gyaro
759 2653 833 2713 celii
845 2655 1031 2732 Myconoque
1043 2655 1178 2724 revinxit,

472 2756 673 2832 Inmotemque
685 2757 742 2816 ccli
755 2757 844 2827 dedit,
864 2765 895 2816 et
906 2765 1090 2816 contemnem
1103 2767 1215 2815 ventor.

472 2858 540 2917 Huc
553 2858 640 2929 sercr3
663 2859 724 2917 hcc
736 2859 818 2918 seffor
830 2867 896 2918 tuto
906 2858 1092 2937 piacidissimn
1105 2869 1190 2936 portu

471 2961 603 3040 Adcipit.
643 2962 748 3041 Egreffi
762 2981 931 3022 veneramur
941 2962 1086 3040 Apollinis
1097 2964 1209 3022 urbem.

473 3065 534 3124 Rex
546 3064 650 3136 Anius,
670 3084 721 3124 rex
738 3064 816 3124 idem
834 3065 986 3124 hominum
1004 3063 1162 3142 Phoebique
1178 3063 1276 3123 sacer»

550 3168 611 3238 doc,

473 3269 564 3332 vittis
576 3279 608 3329 et
620 3270 697 3329 sacri
710 3269 861 3328 redimitur
873 3277 1001 3348 tempora
1013 3270 1104 3337 lauro,

471 3372 623 3431 Occurrit:
646 3382 772 3431 veterem
786 3371 933 3430 Anchisen
946 3371 1075 3448 agnoscit
1086 3369 1220 3429 amicum.

472 3475 626 3553 Jungimue
638 3474 761 3551 hospitio
773 3475 896 3545 dextrae,
917 3484 947 3530 et
960 3473 1032 3532 tedia
1046 3472 1181 3531 subimus.

471 3577 593 3655 Templa
606 3578 652 3636 dei
666 3576 733 3635 saxo
745 3579 899 3635 venerabar
911 3576 1012 3635 strudia
1026 3576 1148 3634 vetusto:

472 3681 519 3738 Da
527 3680 680 3758 propriam,
686 3680 867 3759 Thymbraee,
876 3679 994 3736 domum
999 3702 1008 3749 3
1020 3679 1056 3735 dn
1067 3678 1172 3737 moenie
1182 3677 1269 3748 fedis,

473 3785 511 3841 Et
521 3803 621 3860 genus,
634 3793 665 3842 et
675 3783 837 3868 mansuram
847 3784 959 3840 urbem.
979 3783 1063 3840 Serva
1073 3782 1162 3840 altera
1172 3780 1269 3859 ijae

473 3886 617 3962 Pergama,
631 3885 763 3962 reliquias
771 3885 915 3953 Danaum,
926 3896 1012 3961 atque
1025 3884 1136 3942 inmitis
1147 3883 1269 3943 Achilli.

474 3988 572 4055 Quem
586 3987 746 4064 sequimur?
766 4005 859 4062 quove
871 3987 914 4044 ire
922 3985 1024 4063 jubes?
1046 3987 1095 4045 ubi
1107 4006 1211 4064 ponere
1225 3987 1269 4046 se·

551 4089 616 4146 des?

473 4193 528 4262 Da,
547 4201 637 4267 pater,
657 4190 822 4267 augurium3
843 4201 930 4268 atque
949 4187 1052 4249 animis
1063 4189 1190 4249 inlabere
1203 4190 1272 4249 nos-

551 4295 610 4353 tris.

511 4398 570 4455 Vix
584 4417 617 4455 ea
629 4398 704 4455 fatus
716 4415 806 4466 eram3
829 4405 948 4454 tremere
960 4396 1057 4454 omnia
1071 4395 1128 4454 visn
1142 4406 1268 4473 repente,

473 4500 652 4577 liminaque,
672 4498 823 4574 laurusque
835 4497 882 4556 dei
890 4521 898 4567 3
920 4509 1051 4574 totusque
1063 4498 1172 4556 moveri

472 4604 560 4661 Mons
573 4603 690 4669 circum,
710 4611 741 4658 et
752 4600 866 4678 mugire
878 4600 970 4677 adytis
982 4599 1091 4659 cortina
1105 4599 1232 4658 reclufis..

472 4703 604 4765 Submiffi
615 4704 741 4782 petimus
752 4713 866 4773 terram,
886 4711 917 4761 et
930 4721 987 4762 vox
1003 4704 1095 4769 fertur
1107 4705 1144 4762 ad
1156 4702 1245 4763 euris:
