3492 6884
495 1801 551 1856 roo
723 1780 1052 1870 ouonorcou,
1175 1802 1286 1856 cuo.

492 1949 638 2028 Idemque
650 1951 737 2031 pices,
756 1965 786 2013 et
798 1956 913 2035 pinguia
925 1953 1055 2032 unguine
1066 1970 1153 2022 oerae,

493 2051 675 2131 Scillamque,
693 2056 889 2136 elleborosque
906 2057 1009 2136 gravia,
1028 2055 1201 2132 nigrumque
1213 2051 1292 2111 bituae

574 2174 653 2217 men.
683 2183 685 2187 ·

494 2255 565 2316 Non
574 2267 670 2318 tamen
678 2261 736 2319 ulla
745 2246 837 2338 magir
844 2262 966 2340 praesens
978 2262 1093 2318 fortuna
1102 2258 1234 2317 laborum
1242 2257 1292 2327 est,

497 2359 596 2418 Quam
609 2361 629 2419 fi
643 2362 707 2438 quir
719 2363 794 2421 ferro
806 2363 902 2441 potuit
913 2362 1071 2421 rescindere
1083 2359 1229 2417 summum
1291 2395 1293 2401 ·

495 2461 608 2520 Ulceris
620 2483 665 2521 os:
688 2464 771 2522 aliter
783 2465 897 2535 vitium,
910 2464 1038 2540 vivitque
1051 2462 1190 2540 tegend03

493 2562 575 2622 Dum
587 2564 712 2623 medicas
723 2567 858 2624 adhibere
870 2585 972 2624 manue
984 2567 1021 2624 od
1034 2565 1153 2623 vulnera
1165 2561 1260 2641 pastor

494 2666 642 2743 Abnegat,
662 2677 712 2725 aut
724 2667 841 2726 meliora
853 2669 921 2726 deos
932 2667 1010 2726 sedet
1023 2667 1120 2724 omina
1132 2664 1260 2742 poscens.

496 2768 580 2826 Quin
593 2768 691 2837 etiarn,
710 2768 768 2827 ima
781 2769 861 2827 dolor
873 2769 1022 2827 balantum
1034 2766 1128 2844 lapsua
1139 2767 1176 2824 ad
1188 2764 1246 2824 offa
1293 2770 1295 2775 ’

497 2869 600 2927 Ouum
611 2868 692 2940 furit,
711 2879 798 2946 atque
810 2880 887 2937 artua
900 2868 1061 2947 depascitur
1073 2867 1153 2927 arido
1162 2866 1261 2936 sebrir,

495 2970 608 3029 Profuit
621 2971 751 3029 incensor
763 2971 843 3029 aestus
855 2981 991 3040 avertere,
1011 2981 1041 3029 et
1053 2970 1131 3028 inter

496 3072 558 3131 Ima
572 3073 658 3131 ferire
670 3074 749 3149 pedis
761 3073 911 3131 salientem
922 3072 1060 3149 sanguine
1071 3089 1190 3130 venam:

496 3173 610 3234 Bisaltae
622 3193 680 3250 quo
692 3193 771 3232 more
784 3174 885 3245 solent,
906 3193 1025 3251 acerque
1037 3173 1174 3241 Gelonus,

497 3276 601 3337 Quum
608 3275 1022 3353 fugitinltlrodopeoatquein
1030 3274 1139 3334 deserta
1146 3275 1297 3344 Getarum,

497 3378 536 3437 Et
548 3378 593 3436 lac
606 3389 773 3437 concretum
786 3397 853 3436 cum
866 3376 1003 3454 sanguine
1015 3386 1098 3454 potat
1109 3377 1225 3453 equino.

538 3481 637 3565 Qunam
646 3480 744 3557 procul
758 3491 808 3539 aut
821 3480 904 3538 molli
916 3480 1066 3538 succedere
1076 3479 1177 3556 saepiua
1187 3480 1297 3537 umbrae

496 3582 621 3654 Viderit,
640 3594 691 3641 aut
703 3583 826 3641 summan
840 3592 1006 3660 carpentem
1017 3579 1150 3658 ignavius
1161 3581 1271 3648 herbar,
1350 3606 1363 3637 ο

496 3685 721 3761 Extremumque
728 3684 816 3760 sequi,
827 3693 878 3743 ant
887 3683 984 3742 medio
993 3684 1181 3760 procumbere
1190 3701 1299 3760 campo

497 3786 671 3855 Pascentem,
691 3796 720 3845 et
733 3787 800 3845 serae
813 3785 902 3844 solam
915 3786 1050 3843 deoedere
1063 3784 1156 3856 nosti,

498 3889 645 3948 Continuo
657 3890 771 3965 culpam
783 3888 859 3946 ferro
871 3885 1019 3964 conpesce,
1038 3886 1115 3964 prino
1127 3904 1215 3962 qnam

497 3990 569 4049 Dira
581 4010 632 4067 per
644 3990 793 4047 incautum
806 3988 919 4064 serpant
931 3988 1065 4065 contagia
1077 3987 1188 4065 volgur.
1299 4037 1302 4043 .

497 4092 567 4150 Non
581 4102 642 4150 tam
654 4092 752 4148 creber
764 4108 851 4166 agenr
863 4090 991 4147 hiemem
1003 4089 1062 4148 ruit
1074 4108 1188 4166 aequora
1200 4091 1296 4157 turbo,
1307 4153 1309 4156 Α

499 4193 598 4251 Quam
611 4191 709 4250 multae
726 4190 870 4268 pecudum
882 4190 985 4266 pestes:
1013 4209 1066 4249 nec
1079 4190 1189 4268 fingula
1201 4193 1305 4251 morbi-

497 4295 624 4371 Corpora
636 4292 800 4369 conripiunt
806 4317 816 4363 ;
837 4291 885 4350 sed
898 4302 959 4350 tota
972 4291 1066 4350 ctrina
1078 4302 1205 4370 repente,

496 4398 639 4475 Spemque
648 4412 823 4472 gregemque
834 4392 927 4466 fimul,
935 4393 1126 4470 cunssamque
1136 4396 1172 4453 ab
1183 4394 1296 4473 origine

573 4507 700 4576 gentem.
1357 4499 1359 4503 ’

494 4604 573 4662 'Ibm
586 4601 665 4671 sciat,
683 4599 772 4661 aiiriaa
784 4598 879 4676 Alpis,
897 4608 927 4656 et
939 4598 1158 4676 Noricafiquia
1304 4650 1307 4654 .

494 4705 658 4776 Castellajn
671 4703 799 4776 tumulis,
819 4711 850 4760 et
861 4701 978 4779 Iapydio
989 4720 1057 4761 arva
1067 4702 1186 4765 Timavi
1296 4720 1306 4759 ·.
