3492 6884
609 2160 640 2221 ι».
668 2156 888 2219 vmcmu
918 2154 1146 2216 MAnoms

660 2335 716 2415 AE
743 2333 785 2413 N
811 2331 847 2412 Ε
876 2332 895 2411 Ι
922 2330 963 2411 D
990 2331 1028 2411 0
1055 2331 1094 2409 S.

721 2606 847 2657 mm
867 2604 1032 2655 mnus.

665 2855 1097 2903 4——

484 3116 591 3197 Am
603 3139 754 3216 virumque
766 3158 847 3207 cano,
859 3136 954 3215 Trojae
966 3137 1018 3214 qui
1029 3137 1139 3215 primus
1151 3135 1188 3194 ab
1203 3132 1260 3194 oris

483 3239 607 3310 Italiam,
627 3240 688 3298 fato
700 3241 847 3318 profugus,
866 3240 987 3298 Lavinia
1001 3238 1081 3299 venit

484 3342 582 3402 Litora
587 3364 596 3411 3
616 3340 741 3399 multum
753 3342 803 3399 ille
814 3352 844 3400 et
857 3341 938 3400 terris
945 3340 1067 3418 jamma
1080 3350 1109 3399 et
1121 3339 1190 3407 ulto,

483 3442 522 3499 vi
536 3441 679 3518 superfim,
699 3441 779 3500 saevae
792 3460 949 3500 memorem
961 3442 1082 3520 Junonis
1093 3443 1131 3498 ob
1143 3441 1231 3499 iram:

482 3542 580 3602 Multa
594 3561 709 3619 quoque
725 3552 756 3601 et
772 3543 848 3601 bello
864 3542 966 3621 paffus,
985 3544 1056 3602 dum
1074 3544 1208 3602 conderet
1225 3560 1274 3601 ur-

561 3648 638 3713 bem,

483 3748 663 3823 Inferretque
676 3747 742 3805 deos
756 3745 839 3805 Latio
843 3769 854 3817 ;
875 3764 966 3824 geum
978 3746 1054 3805 unde
1067 3745 1213 3818 Latinum,

483 3848 649 3924 Albanique
660 3858 763 3925 patres,
782 3854 869 3923 atque
881 3847 947 3905 altae
958 3846 1066 3906 moenia
1079 3848 1187 3906 Romae.

522 3949 618 4021 Musa,
637 3949 712 4008 mihi
724 3948 829 4007 cauffm
840 3967 977 4019 memora,
995 3968 1054 4025 quo
1066 3948 1185 4008 numine
1197 3948 1273 4022 laeso‚

484 4053 602 4112 Quidve
614 4053 722 4122 dolens,
741 4050 840 4129 regina
852 4051 941 4109 defim
954 4060 998 4109 tot
1009 4050 1121 4109 volvere
1132 4051 1213 4111 msus

483 4156 629 4232 Infignem
640 4154 747 4232 pietate
759 4153 862 4222 virum,
883 4161 927 4210 tot
937 4152 1016 4211 adire
1027 4152 1146 4223 labores,

484 4256 637 4334 Inpulerit:
660 4264 784 4314 tantaene
797 4254 902 4313 animis
913 4254 1070 4313 coelestibus
1082 4254 1145 4312 im!

525 4359 600 4416 Urbs
613 4357 732 4432 antiqua
744 4356 810 4424 fuit,
827 4356 911 4433 Tyrii
924 4365 1041 4415 tenuere
1052 4355 1157 4428 coloni,

484 4458 639 4534 Carthago,
658 4457 773 4516 Italiam
785 4467 885 4515 contra
895 4457 1089 4533 Tiberinaque
1102 4457 1189 4533 longe

483 4559 573 4628 ostia,
592 4559 670 4618 dim
681 4577 781 4636 opum,
800 4558 954 4634 studiisque
965 4557 1116 4636 asperrima
1129 4558 1213 4629 belli;

485 4661 583 4721 Quam
594 4661 674 4739 Juno
684 4659 775 4720 fertur
787 4658 869 4718 terris
881 4658 973 4737 magis
985 4658 1119 4718 omnibus
1131 4677 1220 4719 unam
