3492 6884
471 1784 578 1837 nalo.
789 1779 888 1837 LIB.
928 1778 954 1836 1.
1231 1778 1269 1830 53

472 1934 552 2009 Saepe
564 1951 628 2009 ego,
648 1952 740 2009 quum
752 1934 834 1993 flavis
846 1934 995 1994 meliorem
1008 1932 1155 1990 induceret
1169 1926 1243 1985 orris

470 2033 618 2111 Agricola,
639 2044 668 2093 ct
682 2036 779 2113 fragili
787 2036 848 2113 jam
863 2037 1012 2112 stringeret
1023 2035 1128 2092 hordea
1140 2031 1246 2095 culmo,

470 2137 579 2195 Omnia
593 2148 743 2199 ventorum
756 2159 922 2197 concurrere
935 2139 1034 2216 proelin
1049 2138 1123 2207 vidi3

472 2239 549 2296 Quae
561 2239 709 2315 gravidam
722 2242 780 2299 late
793 2242 920 2319 segetem
932 2244 968 2299 ab
982 2240 1124 2299 radicibus
1137 2236 1204 2294 imis

471 2341 601 2399 Sublime
613 2342 762 2419 expulsam
775 2354 921 2402 eruerent:
944 2344 985 2401 ita
1000 2342 1114 2400 turbine
1127 2339 1211 2415 nigro

470 2443 569 2501 Ferret
589 2444 682 2502 hiems
702 2444 888 2521 culmumque
913 2446 1007 2502 levem
1031 2443 1201 2520 stipulasque
1220 2457 1270 2498 vo·

549 2544 644 2604 lautis.

471 2646 551 2723 Saepe
562 2648 651 2708 etiarn
658 2648 823 2707 inmensum
832 2649 905 2708 coelo
916 2648 994 2708 veuit
1007 2666 1111 2725 agmen
1123 2662 1271 2720 aquatum·

472 2750 510 2807 Et
524 2750 630 2809 fredam
643 2753 803 2828 glomerant
818 2752 1012 2830 tempestatem
1030 2748 1171 2808 imbribus
1184 2747 1252 2805 atris

472 2852 618 2911 Conlecfftae
630 2874 665 2913 ex
680 2856 738 2912 alto
751 2857 855 2912 nubes:
878 2855 937 2912 ruit
950 2842 1054 2911 arduus
1066 2852 1170 2923 aether5

472 2955 511 3012 Et
523 2955 620 3032 pluvii
633 2956 746 3033 ingenti
761 2956 818 3014 sata
832 2957 897 3014 laeta
910 2959 1056 3033 boumque
1068 2955 1179 3012 labores

471 3055 583 3129 Diluit5
604 3057 752 3135 inplentur
765 3058 850 3127 foll'ae,
866 3068 896 3116 et
909 3078 977 3116 cava
988 3058 1109 3115 flumina
1122 3055 1253 3114 crescunt

473 3158 550 3215 Cum
565 3158 658 3216 sonitu
666 3184 676 3231 3
697 3160 843 3236 fervetque
857 3160 938 3218 fretis
952 3160 1122 3237 spirantibus
1135 3176 1241 3234 aequor.

472 3258 537 3336 Ipse
552 3262 642 3329 Pater,
661 3261 756 3318 medii
770 3262 935 3319 nimborum
947 3262 978 3319 in
991 3263 1084 3331 nocie,
1105 3259 1221 3318 corusci

472 3361 606 3419 Fulmina
619 3362 738 3419 molitur
749 3364 849 3419 dextri
856 3388 863 3432 ;
886 3382 943 3438 quo
956 3381 1091 3421 maxuma
1104 3372 1187 3418 nrotu

471 3465 561 3522 Terra
575 3463 686 3521 tremit:
710 3464 808 3540 fugere
821 3465 902 3534 ferae;
924 3476 954 3521 et
966 3463 1097 3521 mortalia
1111 3463 1197 3530 corda

474 3568 527 3624 Per
540 3574 641 3642 gentes
654 3565 773 3623 humilis
786 3565 882 3623 stravit
895 3585 994 3642 pavor:
1016 3565 1067 3623 ille
1080 3562 1216 3641 flagranti

471 3671 536 3727 Aut
549 3668 640 3737 Atho,
657 3678 708 3726 aut
721 3668 889 3744 Rhodopen,
907 3681 957 3725 aut
970 3668 1027 3724 alta
1041 3666 1183 3724 Ceraunia
1197 3665 1255 3724 telo

473 3769 597 3848 Dejicit;
619 3769 802 3847 ingeminant
816 3769 902 3827 austri
915 3778 945 3826 et
958 3768 1133 3826 densrffimus
1145 3768 1239 3826 imber
1243 3794 1252 3838 ;

473 3874 563 3931 Nunc
576 3891 692 3930 nemora
705 3871 818 3948 ingenti
831 3882 928 3940 vento,
948 3889 1025 3928 nuuc
1037 3871 1130 3940 litora,
1151 3870 1273 3950 plangit.

511 3977 578 4033 Hoc
591 3983 731 4043 metuens,
751 3973 816 4031 eoeli
829 3973 939 4031 menses
952 3984 982 4032 et
994 3974 1081 4032 sidera
1094 3974 1171 4032 serva
1176 3998 1186 4045 3

474 4078 591 4154 Frigida
604 4076 718 4134 Saturni
732 4074 789 4133 sese
802 4095 860 4152 quo
873 4076 951 4133 stella
964 4084 1089 4152 receptet
1094 4101 1104 4148 3

474 4180 558 4237 Quos
570 4179 647 4255 ignis
660 4177 726 4237 coeli
740 4177 889 4254 Cyllenius
902 4186 977 4235 erret
989 4177 1020 4234 in
1034 4180 1124 4235 orbes.

474 4285 510 4341 ln
523 4283 624 4361 primis
637 4301 771 4341 venerare
784 4282 859 4349 deos,
880 4291 966 4357 atque
978 4299 1074 4339 annua
1086 4299 1200 4357 magnae

475 4388 557 4444 Sacra
571 4386 645 4443 refer
657 4385 767 4452 Cereri,
785 4384 857 4441 lastis
871 4393 1002 4461 operatus
1015 4383 1046 4440 in
1059 4383 1164 4451 herbis,

474 4489 619 4547 Extremae
633 4486 683 4544 sub
696 4486 794 4544 casum
808 4485 920 4555 hiemis,
936 4484 1076 4561 jamvero
1090 4483 1196 4543 sereno.

473 4591 559 4648 Tunc
572 4589 692 4666 pingues
706 4587 784 4664 agui,
803 4596 833 4645 et
846 4596 917 4644 tunc
929 4586 1089 4645 molliffima
1103 4587 1185 4656 vina;

473 4692 559 4751 Tunc
573 4690 665 4751 somni
678 4690 775 4748 dulces
789 4690 939 4767 densaeque
952 4689 984 4748 iu
997 4688 1143 4747 montibus
1155 4690 1274 4747 umbras.
