3492 6884
486 1775 514 1819 v,
526 1770 593 1834 307.
807 1765 906 1825 LIB.
947 1767 971 1824 I.
1228 1771 1284 1840 197

487 1917 642 1993 Explorate
655 1937 755 1989 novos3
781 1939 852 1997 quas
864 1932 951 1979 vento
964 1919 1111 1980 adcesserit
1123 1938 1195 1990 orae,

487 2019 551 2076 Qui
560 2029 685 2090 teneant,
696 2041 763 2079 nam
775 2023 883 2081 inculta
892 2024 979 2092 videt,
989 2024 1156 2080 hominesne
1170 2022 1285 2091 seraene,
1310 2036 1315 2046 ·

488 2120 626 2180 Quaerere
638 2124 794 2192 constituit,
813 2124 953 2201 sociisque
966 2125 1064 2182 exacta
1077 2124 1192 2182 referre.

487 2223 608 2282 Classem
623 2224 654 2282 in
667 2245 795 2284 convexo
807 2245 968 2295 nemorum,
989 2226 1042 2285 sub
1055 2245 1125 2303 rupe
1138 2224 1247 2293 cavata,

487 2326 648 2385 Arboribus
659 2328 785 2386 clausam
798 2328 908 2386 circum
921 2339 1009 2403 atque
1025 2326 1207 2385 horrentibus
1219 2341 1286 2385 um·

566 2427 634 2497 bris,

487 2529 619 2588 Occulit:
642 2530 702 2607 ipse
714 2550 774 2589 uno
787 2532 916 2608 graditur
929 2531 1082 2589 comitatus
1095 2529 1208 2590 Achate
1216 2555 1226 2602 3

487 2632 558 2690 Bina
569 2650 659 2690 mauu
674 2634 732 2692 lato
744 2633 869 2709 crispans
882 2634 992 2691 hastilia
1007 2633 1092 2690 ferro.

487 2734 545 2792 Cui
559 2744 650 2793 mater
662 2736 757 2793 media
770 2734 828 2793 sese
842 2734 910 2792 tulit
923 2734 1006 2793 obvia
1022 2734 1099 2802 fitvu,

487 2838 617 2914 Virginis
629 2858 660 2896 os
673 2839 862 2914 habitumque
877 2857 987 2915 gerens,
1007 2847 1037 2895 et
1050 2836 1170 2914 virginis
1181 2856 1261 2897 arma

489 2941 647 3017 Spartanae:
670 2941 715 2999 vel
729 2941 822 3017 qualis
835 2960 922 3017 equos
934 2940 1065 3001 Threissa
1079 2941 1184 3019 fatigat

489 3042 660 3118 Harpalyce,
666 3042 869 3119 volucremque
880 3043 950 3119 suga
957 3042 1137 3119 praevertitur
1145 3046 1288 3104 Hebrum.

489 3144 625 3219 Namque
638 3143 763 3201 humeris
773 3145 809 3202 de
819 3163 899 3202 more
908 3144 1037 3203 habilem
1047 3144 1229 3222 suspenderat
1242 3165 1288 3205 ar·

568 3264 645 3313 cum,

488 3324 639 3415 venatrix,
659 3349 831 3425 dederatque
845 3368 959 3407 cornum
971 3349 1134 3419 diffundere
1146 3351 1239 3409 ventis
1244 3376 1254 3424 ς

488 3452 577 3510 Nuda
591 3467 679 3525 genu,
701 3451 832 3527 nodoque
846 3450 922 3508 smus
935 3452 1062 3510 conlecta
1076 3453 1201 3512 fluentis.

488 3558 534 3612 Ac
547 3552 634 3630 prior,
654 3553 743 3622 Heus,
761 3552 865 3628 inquit,
882 3551 1018 3629 juvenes!
1040 3554 1192 3613 monstrate
1208 3573 1286 3615 mm·

566 3674 632 3712 rum

488 3756 607 3816 Vidistis
619 3757 640 3814 fi
653 3775 740 3833 quam
753 3756 803 3814 hic
814 3764 959 3814 errantem
972 3755 1047 3814 sorte
1059 3757 1196 3827 summm,

489 3860 673 3918 Subciuttam
686 3857 817 3935 pharetra
829 3867 859 3915 et
872 3857 1021 3916 maculosae
1034 3859 1162 3937 tegmine
1174 3859 1275 3937 lyncis,

489 3965 554 4020 Aut
567 3960 725 4038 spumantis
738 3959 800 4035 apri
812 3958 926 4017 cursum
942 3960 1066 4019 clamore
1078 3971 1269 4038 prementem.

529 4064 575 4121 Sic
588 4064 702 4132 Venus5
723 4070 754 4118 et
767 4061 888 4118 Veneris
900 4073 999 4120 contra
1012 4063 1049 4119 s1c
1063 4063 1139 4121 filius
1151 4063 1247 4123 orsusr

490 4165 582 4224 Nulla
595 4175 711 4222 tuamm
724 4163 821 4221 audita
834 4162 909 4220 mihi
922 4181 1016 4239 neque
1029 4164 1088 4222 visa
1100 4165 1238 4236 sororum,

491 4267 529 4337 0,
549 4285 637 4344 quam
651 4276 680 4324 te
693 4268 869 4323 memorem?
890 4264 987 4343 virgo!
1008 4285 1134 4344 namque
1144 4267 1222 4329 haud
1234 4268 1291 4329 tibi

569 4369 664 4427 voltus

491 4469 634 4538 Mortalis,
647 4487 700 4526 nec
711 4487 768 4525 vox
781 4469 930 4527 hominem
942 4469 1036 4542 sonat3
1058 4493 1086 4539 o,
1099 4473 1177 4531 Deai
1197 4481 1289 4545 certe3

491 4575 542 4631 An
555 4572 653 4630 Phoebi
666 4570 757 4627 soror?
779 4588 817 4627 an
830 4572 1032 4648 Nympharum
1045 4573 1191 4650 sauguinis
1202 4579 1277 4635 una?

493 4674 537 4733 Sis
550 4673 630 4743 felix,
642 4671 827 4748 nostrumque
839 4673 928 4743 leves,
939 4692 1138 4753 quecumque,
1148 4677 1290 4737 laboreme
