3492 6884
486 1814 526 1880 9⁴
721 1802 1046 1878 caeremon,
1176 1813 1285 1885 easy.

486 1962 642 2039 Lanigeroa
655 1961 762 2039 agitare
776 1980 885 2039 greges,
904 1962 1048 2039 hirtasque
1060 1964 1190 2041 capellas.

476 2065 566 2124 ‘Hinc
579 2065 672 2137 labor;
695 2066 762 2123 hinc
776 2066 892 2123 laudem
903 2066 990 2125 sortes
1002 2067 1113 2143 sperate
1126 2069 1232 2128 coloni.

484 2168 549 2228 Nec
563 2169 626 2227 sum
639 2169 726 2227 animi
739 2170 853 2240 dubius,
866 2171 959 2228 verbis
971 2190 1006 2229 ea
1018 2171 1132 2229 vincere
1145 2190 1285 2249 magnum

484 2272 585 2331 Quam
598 2274 641 2343 stt,
654 2284 683 2332 et
697 2273 821 2351 angustis
833 2274 903 2331 hinc
915 2274 1018 2333 addere
1028 2276 1112 2332 rebus
1125 2275 1273 2335 honorem.

484 2378 539 2436 Sed
552 2396 599 2436 me
612 2378 723 2436 Parnasi
737 2377 845 2435 deserta
859 2396 911 2454 per
922 2378 1010 2435 ardua
1022 2378 1114 2435 dulcis

484 2482 589 2558 Raptat
602 2501 697 2540 amor:
715 2480 799 2558 juvat
812 2482 853 2538 ire
862 2480 950 2557 jugis,
970 2481 1028 2556 qud
1041 2480 1121 2539 nulla
1134 2482 1263 2559 priorum

483 2585 635 2643 Castaliam
648 2585 728 2642 molli
742 2585 899 2642 devertitur
911 2586 1004 2642 orbita
1017 2585 1100 2642 clivo.

481 2688 513 2747 N
513 2707 581 2758 unc,
589 2688 748 2746 veneranda
755 2687 843 2755 Pales,
853 2706 961 2765 magno
971 2706 1049 2745 nunc
1057 2707 1106 2747 ore
1115 2689 1282 2748 sonandum.

479 2830 484 2840 ·
520 2792 673 2868 Incipiens,
694 2790 808 2847 stabulis
820 2791 903 2848 edico
915 2790 948 2848 iu
960 2791 1096 2849 mollibus
1110 2792 1228 2851 herbam

367 2911 371 2920 ·
481 2896 605 2973 Carpere
618 2895 688 2965 ovis,
702 2895 772 2952 dum
785 2913 854 2951 mox
871 2894 1002 2952 frondosa
1016 2895 1164 2954 reducitur
1175 2896 1267 2971 tesiam

481 3000 519 3057 Et
532 2998 624 3056 multa
638 2997 739 3057 duram
753 2998 856 3075 stipula
869 2998 1036 3075 filicumque
1049 3000 1184 3077 maniplis

480 3104 612 3163 Sternere
623 3103 720 3161 subter
732 3103 865 3172 humum,
885 3102 991 3180 glacies
1003 3121 1040 3160 ne
1054 3102 1159 3180 frigida
1171 3102 1257 3162 laedat

479 3207 574 3267 Molle
585 3225 681 3284 pecus,
694 3205 874 3282 scabiemque
887 3206 961 3263 serat
973 3206 1122 3283 turpisque
1131 3207 1281 3286 podagrae.

480 3311 552 3381 Post,
572 3311 640 3369 hinc
654 3310 800 3388 digressus,
816 3306 905 3387 jubeo
917 3309 1080 3367 frondentia
1093 3309 1184 3388 capris

479 3416 593 3475 Arbuta
606 3414 746 3483 sufficere,
765 3424 795 3473 et
808 3413 910 3472 fluvios
924 3415 1050 3489 prebere
1064 3414 1199 3485 recentis3

479 3522 518 3580 Et
531 3520 639 3579 stabula
653 3538 670 3578 a
682 3520 775 3577 ventis
787 3518 909 3576 hiberno
919 3535 1065 3594 opponere
1078 3516 1140 3586 soli,

478 3625 528 3683 nd
541 3624 670 3683 medium
683 3622 817 3681 conversa
831 3622 921 3679 diem:
944 3639 1037 3696 quum
1048 3619 1171 3697 frigidus
1183 3621 1255 3680 olim

477 3730 544 3807 Jam
557 3728 643 3798 cadit,
663 3738 847 3802 extremoque
860 3725 969 3783 inrorat
981 3724 1127 3799 Aquarius
1139 3742 1225 3784 anno.

477 3834 534 3892 Hae
547 3850 662 3909 quoque
676 3850 735 3887 non
749 3831 815 3888 curi
829 3829 911 3886 nobis
922 3827 1029 3886 leviore
1043 3829 1166 3897 tuendae,

476 3936 542 3995 Nec
554 3936 649 3993 minor
661 3934 727 3991 usua
740 3933 809 3990 erit:
832 3935 962 4009 quamvis
975 3932 1088 3990 Milesia
1101 3950 1208 4009 magno

476 4039 591 4097 Vellera
604 4046 754 4096 mutentur
764 4036 867 4112 Tyrios
880 4036 990 4094 incocta
1003 4037 1128 4106 rubores,

475 4142 597 4201 Deufior
609 4140 678 4199 hinc
691 4139 815 4210 subolem
837 4139 906 4198 hinc
919 4140 992 4216 largi
1005 4140 1087 4218 copia
1099 4139 1189 4198 laetis.

475 4247 575 4306 Quam
588 4245 680 4321 magis
692 4244 827 4302 exhausto
844 4243 1019 4320 spumaverit
1031 4247 1118 4302 ubere
1131 4243 1262 4316 mulera,

475 4352 555 4410 Laeta
567 4348 658 4425 magia
670 4347 765 4425 preliis
778 4350 937 4406 manabunt
950 4347 1072 4405 flumina
1085 4348 1225 4407 mammis.

473 4454 540 4513 Nec
552 4451 647 4510 minua
659 4452 768 4509 interea
782 4451 883 4510 barbas
894 4450 1057 4527 incanaque
1068 4459 1168 4509 menta

473 4555 613 4636 Cinyphii
628 4556 747 4614 tondent
759 4555 842 4626 hirci,
863 4554 999 4632 saetasque
1013 4555 1162 4624 comantia,

473 4661 568 4720 Usum
579 4660 612 4719 in
624 4660 786 4730 castrorum,
806 4670 837 4717 et
849 4658 958 4717 miseria
970 4658 1112 4718 velamina
1126 4659 1231 4718 nautia.

473 4763 630 4825 Pascuntur
640 4782 708 4827 vero
720 4762 810 4838 filvas,
830 4772 862 4825 et
875 4761 986 4824 summa
998 4762 1105 4842 Lycei,
