3492 6884
521 1787 562 1839 20
760 1777 1064 1848 BUCOLICA,
1227 1788 1316 1851 v.73.

520 1927 654 1986 Sallantir
667 1928 779 2006 Salyroe
792 1931 953 1991 imitabitur
965 1931 1173 2008 Alphesrboeus.

521 2030 595 2088 Haec
609 2030 663 2088 ubi
677 2032 787 2108 semper
798 2042 892 2104 erunt,
913 2044 943 2090 et
956 2052 1046 2108 quum
1059 2030 1206 2091 sollemnia
1218 2042 1284 2089 vota

520 2131 683 2190 Reddemur
696 2134 850 2210 Nymphis,
871 2144 900 2190 et
913 2153 1003 2209 qutun
1017 2134 1196 2191 lustrabimus
1209 2151 1301 2208 agros.

518 2231 598 2290 Dum
607 2231 677 2310 juga
690 2235 795 2292 montis
808 2253 885 2312 aper,
905 2235 1007 2292 fluvios
1020 2236 1090 2292 dum
1101 2234 1185 2311 piscis
1198 2234 1316 2301 amabit,

517 2333 654 2410 Dumque
668 2334 769 2412 thymo
781 2336 931 2412 pascentur
942 2354 1017 2411 aper,
1038 2336 1108 2393 dum
1121 2353 1184 2392 rore
1196 2335 1314 2402 cieadae3

517 2435 635 2513 Semper
655 2435 753 2508 honos,
780 2454 942 2511 nomenque
964 2446 1057 2506 tuum,
1082 2436 1236 2511 laudesque
1255 2454 1314 2492 ma·

595 2539 714 2595 nebunt.

516 2639 560 2699 Ut
572 2639 684 2697 Baccho
696 2639 860 2714 Cererique,
880 2638 934 2696 tibi
948 2639 985 2697 iic
998 2649 1063 2697 vota
1075 2639 1239 2715 quotannis

515 2741 660 2818 Agricola
674 2740 795 2811 facient3
816 2740 965 2797 damnabis
980 2751 1012 2797 tu
1025 2759 1138 2816 quoque
1147 2742 1233 2798 votis.

854 2859 982 2900 uorsus.

516 2939 593 3002 Qure
606 2942 670 3010 tibi,
691 2961 755 3017 quae
768 2942 819 2999 tali
832 2944 952 3001 reddam
962 2961 1013 3017 pro
1023 2942 1149 3001 carmine
1162 2943 1250 3000 donni

514 3045 595 3105 Nam
609 3063 700 3120 neque
713 3063 760 3102 me
774 3054 888 3101 tantum
901 3042 1042 3100 venientis
1056 3044 1151 3100 sibilus
1164 3044 1258 3111 austri,

513 3147 578 3207 Nec
592 3146 716 3224 perculsa
725 3144 826 3222 juvant
840 3144 929 3201 flubiu
943 3156 1002 3201 tam
1015 3143 1108 3211 litora,
1122 3163 1175 3202 nec
1188 3164 1252 3220 quae

513 3249 629 3308 Samso
640 3249 715 3306 inter
727 3248 884 3305 decurrunt
896 3244 1016 3302 flumina
1029 3245 1126 3304 valles.

825 3365 998 3406 naualem.

512 3453 577 3514 Hoc
591 3461 620 3510 te
633 3470 684 3511 nor
697 3451 794 3529 fragili
808 3451 977 3507 donabimus
990 3458 1057 3506 ante
1070 3449 1182 3508 ciculi:

512 3556 585 3616 illue
599 3573 658 3624 nor,
680 3552 844 3612 Formosum
856 3553 991 3627 Corydon
1005 3553 1121 3608 ardebat
1135 3552 1256 3610 Alexin:

511 3657 584 3716 Haec
597 3657 696 3714 endem
709 3654 816 3724 docuit,
836 3650 943 3727 Cujum
956 3655 1059 3726 pecus?
1080 3671 1116 3709 an
1130 3654 1279 3713 Meliboei?

850 3770 976 3809 uorsus.

511 3860 555 3917 nt
569 3864 601 3914 tu
614 3854 692 3912 sume
705 3853 820 3929 pedum,
833 3852 919 3926 quod,
935 3870 983 3908 me
995 3872 1085 3928 quum
1099 3855 1171 3931 saepe
1184 3861 1305 3933 rogarei,

511 3957 582 4016 Non
597 3953 664 4012 tulit
677 3952 845 4027 Antigenes,
865 3967 895 4008 et
907 3961 968 4009 erat
981 3962 1043 4011 tum
1056 3956 1160 4032 dignus
1174 3959 1273 4029 amari,

513 4060 675 4122 Formolum
688 4053 802 4131 paribus
814 4052 896 4112 nodia
908 4063 995 4131 atque
1008 4074 1072 4126 aere,
1092 4058 1232 4117 Menalca.
