3492 6884
436 1817 526 1869 nte.
735 1809 932 1871 CULEX.
1177 1817 1233 1883 129

437 1955 538 2036 Pallor,
557 1975 589 2024 et
600 1966 704 2026 exnelsr
716 1966 823 2025 montis
831 1965 903 2044 juga
916 1967 1025 2025 summa
1040 1964 1153 2043 petivit,

436 2067 545 2128 hucin
556 2069 614 2146 qna
625 2069 737 2146 patulos
750 2070 887 2127 velabant
898 2069 1026 2146 gramina
1040 2069 1128 2127 collis.

436 2167 502 2246 Jem
515 2167 600 2240 filvie,
619 2170 780 2247 dumisque,
799 2189 894 2247 vagae3
912 2170 972 2248 jam
986 2171 1106 2228 vallibus
1122 2172 1233 2229 abdunt

436 2269 561 2349 Corpora
566 2296 576 2343 3
593 2269 720 2348 jamque,
733 2272 813 2330 omni
826 2274 932 2330 celeres
945 2292 961 2330 e
974 2285 1055 2349 parte
1067 2284 1213 2350 vagantes,

436 2373 559 2450 Sempea
571 2371 687 2432 desertae
698 2384 851 2450 perrepunt
864 2376 901 2432 ad
914 2393 982 2432 cava
995 2375 1081 2451 rupis.

336 2487 341 2494 ·
436 2474 607 2533 Tondentur
619 2485 718 2534 tenero
729 2475 880 2534 viridantia
895 2476 1023 2553 germina
1036 2475 1141 2554 mprt'u,

436 2575 560 2636 Pendula
573 2575 702 2655 projeelia
714 2589 870 2656 carpuntur
882 2589 912 2637 et
925 2581 1025 2637 arbuta
1038 2579 1133 2647 ramis,

436 2677 588 2754 Densaque
600 2679 733 2756 virgultis
745 2681 828 2738 avide
840 2681 968 2740 labrusca
980 2689 1128 2758 petuntur.

436 2779 519 2850 Haec,
538 2779 677 2859 suspensa,
698 2783 772 2861 rapit
784 2796 917 2861 carpente
930 2785 1079 2843 cacumina
1093 2784 1189 2843 morsu

437 2881 494 2940 Vel
507 2881 599 2942 salicia
611 2884 707 2952 lentae,
726 2885 772 2943 vel
785 2904 851 2962 qnae
863 2905 935 2944 nova
951 2885 1077 2945 nascitur
1089 2887 1185 2945 alnus:

437 2983 511 3044 Hinc
522 2993 633 3044 tenerae
645 2985 783 3045 fruticum
797 2985 889 3045 sentes
902 2987 1035 3046 rimatur:
1059 3001 1088 3047 at
1102 2990 1152 3048 illa

438 3086 567 3146 Inminet
577 3087 609 3144 in
622 3087 676 3146 rivi
689 3089 845 3165 praellantis
857 3089 993 3167 marginis
1007 3092 1125 3149 undam.

476 3188 505 3248 Ο
518 3191 593 3248 bona
605 3189 735 3268 pastoria!
757 3191 778 3248 sr
791 3191 855 3268 quis
868 3210 927 3249 non
941 3192 1073 3269 pauperis
1086 3191 1169 3251 usum

437 3291 541 3352 Mente
553 3291 631 3369 priua
643 3292 726 3350 <roua
739 3291 871 3362 fastidiat,
893 3304 922 3352 et
934 3297 1035 3370 probet
1046 3295 1106 3352 illic

437 3392 556 3463 Omnia,
574 3393 696 3454 luxuria
707 3394 816 3472 pretiis,
836 3395 983 3472 incognita
997 3395 1080 3464 cuns,

438 3495 516 3555 Quae
527 3496 652 3554 lauerant
665 3497 761 3556 aridas
774 3477 895 3555 inimico
906 3499 1018 3574 pertore
1031 3506 1150 3555 menter.

438 3597 469 3657 Si
481 3615 540 3656 non
552 3598 666 3675 Atlyrio
676 3571 785 3658 luerint
799 3600 843 3658 bia
856 3599 934 3657 lauta
947 3599 1051 3658 colore.

438 3699 574 3760 Attalicia
585 3701 687 3778 opibus
699 3702 765 3759 data
777 3701 896 3772 vellera3
918 3701 939 3758 fi
952 3700 1029 3758 nitor
1041 3699 1103 3757 auri

439 3804 499 3862 Sub
511 3803 642 3881 laqueare
654 3805 757 3862 domna
770 3804 900 3863 animum
913 3823 971 3862 non
985 3802 1080 3880 tangit
1092 3821 1207 3862 avamm
1214 3828 1223 3878 ς

442 3906 619 3983 naturaque
630 3908 725 3976 decus,
744 3907 871 3983 lapidum
886 3925 939 3964 nec
950 3887 1047 3982 fulgur
1059 3905 1089 3962 in
1103 3906 1164 3964 ulla

441 4009 583 4085 cognitur
595 4007 724 4066 utilitate
737 4019 834 4066 manet
839 4033 849 4081 5
870 4027 924 4067 nec
938 4008 1038 4087 pocula
1052 4018 1168 4085 gratum

441 4109 560 4169 Alconis
571 4109 697 4168 referent
709 4110 841 4186 lloetique
853 4119 982 4168 toreuma
988 4135 998 4182 ;
1020 4129 1073 4168 nec
1086 4111 1153 4169 Indi

441 4211 576 4270 Conchea
588 4213 675 4270 bacca
688 4211 774 4270 maria
785 4211 879 4289 pretio
892 4211 945 4269 est:
968 4222 997 4270 at
1010 4213 1121 4289 peelore
1134 4231 1206 4290 puro

441 4315 521 4392 Saepe
534 4312 617 4389 snper
629 4323 727 4371 tenero
738 4314 888 4390 prosternit
901 4314 1031 4390 gramine
1044 4334 1161 4393 corpua;

442 4415 555 4475 Florida
567 4435 634 4474 cum
647 4416 741 4483 tellus,
761 4416 933 4492 gemmantis
945 4417 1020 4492 pieta
1033 4436 1084 4493 per
1096 4390 1207 4488 herbas,

365 4555 375 4568 -
442 4517 518 4576 Vere
530 4526 616 4577 norat
628 4516 707 4576 dulci
719 4517 850 4576 distineia
862 4518 1004 4576 coloribus
1018 4536 1097 4576 arra:

444 4618 545 4696 Atque
556 4619 651 4688 illum,
670 4620 780 4678 calamo
791 4619 891 4677 laetum
904 4619 1049 4678 recinente
1061 4619 1188 4696 palustri,

420 4733 425 4742 ’
444 4721 570 4800 otiaque
582 4721 691 4782 invidia
705 4721 868 4800 degentem,
888 4739 922 4780 ac
935 4721 1043 4793 fraude,
1064 4721 1181 4792 remota,

831 4843 853 4883 ι
