<?xml version="1.0" encoding="UTF-8"?>
<!DOCTYPE html PUBLIC "-//W3C//DTD XHTML 1.0 Transitional//EN"
    "http://www.w3.org/TR/xhtml1/DTD/xhtml1-transitional.dtd">
<html xmlns="http://www.w3.org/1999/xhtml" xml:lang="en" lang="en">
 <head>
  <title>
</title>
<meta http-equiv="Content-Type" content="text/html;charset=utf-8" />
  <meta name='ocr-system' content='tesseract 3.04.00' />
  <meta name='ocr-capabilities' content='ocr_page ocr_carea ocr_par ocr_line ocrx_word'/>
</head>
<body>
  <div class='ocr_page' id='page_1' title='image "./pvirgiliimaroni00wakegoog/pvirgiliimaroni00wakegoog_0215.png"; bbox 0 0 3492 6884; ppageno 0'>
   <div class='ocr_carea' id='block_1_1' title="bbox 471 1800 1273 1873">
    <p class='ocr_par' dir='ltr' id='par_1_1' title="bbox 471 1800 1273 1873">
     <span class='ocr_line' id='line_1_1' title="bbox 471 1800 1273 1873; baseline -0.004 -13"><span class='ocrx_word' id='word_1_1' title='bbox 471 1807 579 1873; x_wconf 78' lang='lat' dir='ltr'>v.517.</span> <span class='ocrx_word' id='word_1_2' title='bbox 794 1800 893 1864; x_wconf 87' lang='lat' dir='ltr'><strong>LIB.</strong></span> <span class='ocrx_word' id='word_1_3' title='bbox 933 1801 958 1861; x_wconf 92' lang='lat'><strong>1.</strong></span> <span class='ocrx_word' id='word_1_4' title='bbox 1215 1806 1273 1857; x_wconf 62' lang='grc' dir='ltr'><strong>πω</strong></span> 
     </span>
    </p>
   </div>
   <div class='ocr_carea' id='block_1_2' title="bbox 474 1955 1276 2444">
    <p class='ocr_par' dir='ltr' id='par_1_2' title="bbox 474 1955 1276 2444">
     <span class='ocr_line' id='line_1_2' title="bbox 474 1955 1221 2034; baseline 0 -21"><span class='ocrx_word' id='word_1_5' title='bbox 474 1955 552 2014; x_wconf 80' lang='lat' dir='ltr'><strong>Quae</strong></span> <span class='ocrx_word' id='word_1_6' title='bbox 565 1955 680 2015; x_wconf 83' lang='lat' dir='ltr'><strong>fortuna</strong></span> <span class='ocrx_word' id='word_1_7' title='bbox 692 1955 768 2026; x_wconf 82' lang='lat' dir='ltr'><strong>viris,</strong></span> <span class='ocrx_word' id='word_1_8' title='bbox 787 1957 902 2017; x_wconf 80' lang='lat' dir='ltr'><strong>classem</strong></span> <span class='ocrx_word' id='word_1_9' title='bbox 912 1977 971 2034; x_wconf 92' lang='lat' dir='ltr'><strong>quo</strong></span> <span class='ocrx_word' id='word_1_10' title='bbox 983 1956 1067 2016; x_wconf 87' lang='lat' dir='ltr'><strong>litore</strong></span> <span class='ocrx_word' id='word_1_11' title='bbox 1078 1955 1221 2032; x_wconf 82' lang='lat' dir='ltr'><strong>linquant,</strong></span> 
     </span>
     <span class='ocr_line' id='line_1_3' title="bbox 476 2057 1235 2125; baseline -0.001 -10"><span class='ocrx_word' id='word_1_12' title='bbox 476 2058 558 2115; x_wconf 79' lang='lat' dir='ltr'><strong>Quid</strong></span> <span class='ocrx_word' id='word_1_13' title='bbox 570 2058 702 2117; x_wconf 84' lang='lat' dir='ltr'><strong>veniant:</strong></span> <span class='ocrx_word' id='word_1_14' title='bbox 724 2060 835 2118; x_wconf 69' lang='lat' dir='ltr'><strong>condis</strong></span> <span class='ocrx_word' id='word_1_15' title='bbox 851 2080 920 2119; x_wconf 90' lang='lat' dir='ltr'><strong>nam</strong></span> <span class='ocrx_word' id='word_1_16' title='bbox 932 2059 999 2118; x_wconf 72' lang='lat' dir='ltr'><strong>letti</strong></span> <span class='ocrx_word' id='word_1_17' title='bbox 1013 2058 1132 2117; x_wconf 83' lang='lat' dir='ltr'><strong>navibus</strong></span> <span class='ocrx_word' id='word_1_18' title='bbox 1144 2057 1235 2125; x_wconf 87' lang='lat' dir='ltr'><strong>ibant,</strong></span> 
     </span>
     <span class='ocr_line' id='line_1_4' title="bbox 475 2159 1235 2239; baseline -0.004 -20"><span class='ocrx_word' id='word_1_19' title='bbox 475 2159 598 2219; x_wconf 85' lang='lat' dir='ltr'><strong>Orantes</strong></span> <span class='ocrx_word' id='word_1_20' title='bbox 611 2161 734 2232; x_wconf 84' lang='lat' dir='ltr'><strong>veniam,</strong></span> <span class='ocrx_word' id='word_1_21' title='bbox 755 2174 784 2219; x_wconf 89' lang='lat' dir='ltr'><strong>et</strong></span> <span class='ocrx_word' id='word_1_22' title='bbox 798 2164 938 2239; x_wconf 89' lang='lat' dir='ltr'><strong>templum</strong></span> <span class='ocrx_word' id='word_1_23' title='bbox 953 2162 1077 2219; x_wconf 87' lang='lat' dir='ltr'><strong>clamore</strong></span> <span class='ocrx_word' id='word_1_24' title='bbox 1089 2161 1235 2237; x_wconf 85' lang='lat' dir='ltr'><strong>petebant.</strong></span> 
     </span>
     <span class='ocr_line' id='line_1_5' title="bbox 514 2259 1276 2341; baseline -0.001 -21"><span class='ocrx_word' id='word_1_25' title='bbox 514 2262 665 2339; x_wconf 85' lang='lat' dir='ltr'><strong>Postquam</strong></span> <span class='ocrx_word' id='word_1_26' title='bbox 677 2263 847 2341; x_wconf 86' lang='lat' dir='ltr'><strong>introgreffi,</strong></span> <span class='ocrx_word' id='word_1_27' title='bbox 864 2274 894 2322; x_wconf 93' lang='lat' dir='ltr'><strong>et</strong></span> <span class='ocrx_word' id='word_1_28' title='bbox 904 2283 1000 2323; x_wconf 86' lang='lat' dir='ltr'><strong>coram</strong></span> <span class='ocrx_word' id='word_1_29' title='bbox 1013 2264 1079 2320; x_wconf 85' lang='lat' dir='ltr'><strong>dats</strong></span> <span class='ocrx_word' id='word_1_30' title='bbox 1091 2261 1172 2339; x_wconf 89' lang='lat' dir='ltr'><strong>copis</strong></span> <span class='ocrx_word' id='word_1_31' title='bbox 1186 2259 1276 2329; x_wconf 84' lang='lat' dir='ltr'><strong>sandi,</strong></span> 
     </span>
     <span class='ocr_line' id='line_1_6' title="bbox 475 2363 1187 2444; baseline 0.001 -23"><span class='ocrx_word' id='word_1_32' title='bbox 475 2363 633 2422; x_wconf 86' lang='lat' dir='ltr'><strong>Ma&#39;xumus</strong></span> <span class='ocrx_word' id='word_1_33' title='bbox 646 2364 771 2423; x_wconf 82' lang='lat' dir='ltr'><strong>Ilioneus</strong></span> <span class='ocrx_word' id='word_1_34' title='bbox 783 2366 899 2444; x_wconf 82' lang='lat' dir='ltr'><strong>placido</strong></span> <span class='ocrx_word' id='word_1_35' title='bbox 910 2367 948 2424; x_wconf 87' lang='lat' dir='ltr'><strong>fic</strong></span> <span class='ocrx_word' id='word_1_36' title='bbox 960 2365 1072 2444; x_wconf 76' lang='lat' dir='ltr'><strong>pedtore</strong></span> <span class='ocrx_word' id='word_1_37' title='bbox 1085 2363 1187 2441; x_wconf 77' lang='lat' dir='ltr'><strong>coepit:</strong></span> 
     </span>
    </p>
   </div>
   <div class='ocr_carea' id='block_1_3' title="bbox 475 2465 1279 4793">
    <p class='ocr_par' dir='ltr' id='par_1_3' title="bbox 476 2465 1223 2545">
     <span class='ocr_line' id='line_1_7' title="bbox 476 2465 1223 2545; baseline -0.001 -20"><span class='ocrx_word' id='word_1_38' title='bbox 476 2465 505 2525; x_wconf 94' lang='grc' dir='ltr'>Ο</span> <span class='ocrx_word' id='word_1_39' title='bbox 518 2466 630 2543; x_wconf 78' lang='lat' dir='ltr'><strong>reginas</strong></span> <span class='ocrx_word' id='word_1_40' title='bbox 653 2486 757 2526; x_wconf 87' lang='lat' dir='ltr'><strong>novam</strong></span> <span class='ocrx_word' id='word_1_41' title='bbox 769 2469 815 2526; x_wconf 87' lang='lat' dir='ltr'><strong>cui</strong></span> <span class='ocrx_word' id='word_1_42' title='bbox 831 2470 953 2526; x_wconf 89' lang='lat' dir='ltr'><strong>condere</strong></span> <span class='ocrx_word' id='word_1_43' title='bbox 965 2467 1099 2545; x_wconf 91' lang='lat' dir='ltr'><strong>Juppiter</strong></span> <span class='ocrx_word' id='word_1_44' title='bbox 1111 2468 1223 2535; x_wconf 88' lang='lat' dir='ltr'><strong>urbem,</strong></span> 
     </span>
    </p>

    <p class='ocr_par' dir='ltr' id='par_1_4' title="bbox 475 2567 1127 2647">
     <span class='ocr_line' id='line_1_8' title="bbox 475 2567 1127 2647; baseline 0.002 -22"><span class='ocrx_word' id='word_1_45' title='bbox 475 2567 648 2645; x_wconf 79' lang='lat' dir='ltr'><strong>Justitidque</strong></span> <span class='ocrx_word' id='word_1_46' title='bbox 661 2570 740 2627; x_wconf 84' lang='lat' dir='ltr'><strong>dedit</strong></span> <span class='ocrx_word' id='word_1_47' title='bbox 754 2570 848 2647; x_wconf 81' lang='lat' dir='ltr'><strong>gentis</strong></span> <span class='ocrx_word' id='word_1_48' title='bbox 860 2570 971 2628; x_wconf 89' lang='lat' dir='ltr'><strong>frenare</strong></span> <span class='ocrx_word' id='word_1_49' title='bbox 985 2569 1127 2646; x_wconf 85' lang='lat' dir='ltr'><strong>superbas,</strong></span> 
     </span>
    </p>

    <p class='ocr_par' dir='ltr' id='par_1_5' title="bbox 476 2670 1148 2741">
     <span class='ocr_line' id='line_1_9' title="bbox 476 2670 1148 2741; baseline 0.003 -13"><span class='ocrx_word' id='word_1_50' title='bbox 476 2670 565 2728; x_wconf 71' lang='lat' dir='ltr'><strong>Trods</strong></span> <span class='ocrx_word' id='word_1_51' title='bbox 579 2682 608 2728; x_wconf 91' lang='lat' dir='ltr'><strong>te</strong></span> <span class='ocrx_word' id='word_1_52' title='bbox 620 2670 726 2741; x_wconf 82' lang='lat' dir='ltr'><strong>miseri,</strong></span> <span class='ocrx_word' id='word_1_53' title='bbox 746 2673 838 2730; x_wconf 88' lang='lat' dir='ltr'><strong>ventis</strong></span> <span class='ocrx_word' id='word_1_54' title='bbox 850 2671 941 2730; x_wconf 72' lang='lat' dir='ltr'><strong>mana</strong></span> <span class='ocrx_word' id='word_1_55' title='bbox 954 2671 1051 2731; x_wconf 87' lang='lat' dir='ltr'><strong>omnia</strong></span> <span class='ocrx_word' id='word_1_56' title='bbox 1063 2671 1148 2741; x_wconf 70' lang='lat' dir='ltr'><strong>vesti,</strong></span> 
     </span>
    </p>

    <p class='ocr_par' dir='ltr' id='par_1_6' title="bbox 477 2752 1169 2851">
     <span class='ocr_line' id='line_1_10' title="bbox 477 2752 1169 2851; baseline 0.001 -20"><span class='ocrx_word' id='word_1_57' title='bbox 477 2771 614 2831; x_wconf 83' lang='lat' dir='ltr'>Oramus:</span> <span class='ocrx_word' id='word_1_58' title='bbox 636 2774 755 2850; x_wconf 86' lang='lat' dir='ltr'>prohibe</span> <span class='ocrx_word' id='word_1_59' title='bbox 768 2752 901 2832; x_wconf 85' lang='lat' dir='ltr'><strong>insandos</strong></span> <span class='ocrx_word' id='word_1_60' title='bbox 914 2794 930 2832; x_wconf 93' lang='lat' dir='ltr'><strong>a</strong></span> <span class='ocrx_word' id='word_1_61' title='bbox 944 2774 1064 2832; x_wconf 86' lang='lat' dir='ltr'><strong>navibus</strong></span> <span class='ocrx_word' id='word_1_62' title='bbox 1076 2773 1169 2851; x_wconf 81' lang='lat' dir='ltr'><strong>ignis3</strong></span> 
     </span>
    </p>

    <p class='ocr_par' dir='ltr' id='par_1_7' title="bbox 478 2875 1239 2953">
     <span class='ocr_line' id='line_1_11' title="bbox 478 2875 1239 2953; baseline 0.007 -22"><span class='ocrx_word' id='word_1_63' title='bbox 478 2875 563 2932; x_wconf 83' lang='lat' dir='ltr'><strong>Parce</strong></span> <span class='ocrx_word' id='word_1_64' title='bbox 576 2875 624 2951; x_wconf 91' lang='lat' dir='ltr'><strong>pio</strong></span> <span class='ocrx_word' id='word_1_65' title='bbox 637 2876 746 2952; x_wconf 80' lang='lat' dir='ltr'><strong>generi,</strong></span> <span class='ocrx_word' id='word_1_66' title='bbox 766 2886 796 2934; x_wconf 91' lang='lat' dir='ltr'><strong>et</strong></span> <span class='ocrx_word' id='word_1_67' title='bbox 811 2877 929 2953; x_wconf 81' lang='lat' dir='ltr'><strong>propius</strong></span> <span class='ocrx_word' id='word_1_68' title='bbox 941 2896 985 2935; x_wconf 87' lang='lat' dir='ltr'><strong>res</strong></span> <span class='ocrx_word' id='word_1_69' title='bbox 997 2876 1111 2953; x_wconf 85' lang='lat' dir='ltr'><strong>adspice</strong></span> <span class='ocrx_word' id='word_1_70' title='bbox 1123 2877 1239 2937; x_wconf 80' lang='lat' dir='ltr'><strong>nostras.</strong></span> 
     </span>
    </p>

    <p class='ocr_par' dir='ltr' id='par_1_8' title="bbox 477 2977 1182 3056">
     <span class='ocr_line' id='line_1_12' title="bbox 477 2977 1182 3056; baseline 0.004 -22"><span class='ocrx_word' id='word_1_71' title='bbox 477 2977 549 3034; x_wconf 91' lang='lat' dir='ltr'><strong>Non</strong></span> <span class='ocrx_word' id='word_1_72' title='bbox 562 2995 613 3034; x_wconf 89' lang='lat' dir='ltr'><strong>nos</strong></span> <span class='ocrx_word' id='word_1_73' title='bbox 626 2986 676 3035; x_wconf 89' lang='lat' dir='ltr'><strong>aut</strong></span> <span class='ocrx_word' id='word_1_74' title='bbox 690 2978 766 3035; x_wconf 87' lang='lat' dir='ltr'><strong>ferro</strong></span> <span class='ocrx_word' id='word_1_75' title='bbox 779 2979 901 3056; x_wconf 83' lang='lat' dir='ltr'><strong>Libycos</strong></span> <span class='ocrx_word' id='word_1_76' title='bbox 913 2979 1050 3056; x_wconf 89' lang='lat' dir='ltr'><strong>populare</strong></span> <span class='ocrx_word' id='word_1_77' title='bbox 1063 2980 1182 3037; x_wconf 79' lang='lat' dir='ltr'><strong>Penates</strong></span> 
     </span>
    </p>

    <p class='ocr_par' dir='ltr' id='par_1_9' title="bbox 478 3078 1206 3157">
     <span class='ocr_line' id='line_1_13' title="bbox 478 3078 1206 3157; baseline 0.003 -22"><span class='ocrx_word' id='word_1_78' title='bbox 478 3078 629 3147; x_wconf 79' lang='lat' dir='ltr'><strong>Venimus,</strong></span> <span class='ocrx_word' id='word_1_79' title='bbox 648 3088 699 3136; x_wconf 90' lang='lat' dir='ltr'><strong>aut</strong></span> <span class='ocrx_word' id='word_1_80' title='bbox 711 3089 803 3156; x_wconf 77' lang='lat' dir='ltr'><strong>raptas</strong></span> <span class='ocrx_word' id='word_1_81' title='bbox 816 3082 852 3137; x_wconf 84' lang='lat' dir='ltr'><strong>sd</strong></span> <span class='ocrx_word' id='word_1_82' title='bbox 865 3080 950 3137; x_wconf 85' lang='lat' dir='ltr'><strong>litora</strong></span> <span class='ocrx_word' id='word_1_83' title='bbox 963 3089 1072 3139; x_wconf 83' lang='lat' dir='ltr'><strong>vertere</strong></span> <span class='ocrx_word' id='word_1_84' title='bbox 1084 3082 1206 3157; x_wconf 83' lang='lat' dir='ltr'><strong>praedas:</strong></span> 
     </span>
    </p>

    <p class='ocr_par' dir='ltr' id='par_1_10' title="bbox 478 3173 1186 3258">
     <span class='ocr_line' id='line_1_14' title="bbox 478 3173 1186 3258; baseline 0 -19"><span class='ocrx_word' id='word_1_85' title='bbox 478 3180 549 3239; x_wconf 92' lang='lat' dir='ltr'><strong>Non</strong></span> <span class='ocrx_word' id='word_1_86' title='bbox 563 3199 596 3239; x_wconf 86' lang='lat' dir='ltr'><strong>ea</strong></span> <span class='ocrx_word' id='word_1_87' title='bbox 610 3181 770 3249; x_wconf 71' lang='lat' dir='ltr'><strong>unanimo,</strong></span> <span class='ocrx_word' id='word_1_88' title='bbox 792 3200 844 3239; x_wconf 90' lang='lat' dir='ltr'><strong>nec</strong></span> <span class='ocrx_word' id='word_1_89' title='bbox 859 3173 1083 3258; x_wconf 80' lang='lat' dir='ltr'><strong>tanta&#39;superbia</strong></span> <span class='ocrx_word' id='word_1_90' title='bbox 1096 3182 1186 3240; x_wconf 71' lang='lat' dir='ltr'><strong>vistis.</strong></span> 
     </span>
    </p>

    <p class='ocr_par' dir='ltr' id='par_1_11' title="bbox 479 3282 1226 3360">
     <span class='ocr_line' id='line_1_15' title="bbox 479 3282 1226 3360; baseline 0.003 -21"><span class='ocrx_word' id='word_1_91' title='bbox 479 3282 528 3340; x_wconf 86' lang='lat' dir='ltr'><strong>Est</strong></span> <span class='ocrx_word' id='word_1_92' title='bbox 539 3282 628 3351; x_wconf 82' lang='lat' dir='ltr'><strong>locus,</strong></span> <span class='ocrx_word' id='word_1_93' title='bbox 648 3282 818 3360; x_wconf 87' lang='lat' dir='ltr'><strong>Hesperiam</strong></span> <span class='ocrx_word' id='word_1_94' title='bbox 831 3283 914 3341; x_wconf 88' lang='lat' dir='ltr'><strong>Graii</strong></span> <span class='ocrx_word' id='word_1_95' title='bbox 927 3283 1101 3360; x_wconf 84' lang='lat' dir='ltr'><strong>cognomine</strong></span> <span class='ocrx_word' id='word_1_96' title='bbox 1114 3284 1226 3352; x_wconf 90' lang='lat' dir='ltr'><strong>dicunt,</strong></span> 
     </span>
    </p>

    <p class='ocr_par' dir='ltr' id='par_1_12' title="bbox 478 3384 1265 3463">
     <span class='ocr_line' id='line_1_16' title="bbox 478 3384 1265 3463; baseline 0.004 -22"><span class='ocrx_word' id='word_1_97' title='bbox 478 3384 568 3442; x_wconf 87' lang='lat' dir='ltr'><strong>Terra</strong></span> <span class='ocrx_word' id='word_1_98' title='bbox 581 3384 707 3460; x_wconf 87' lang='lat' dir='ltr'><strong>antiqua,</strong></span> <span class='ocrx_word' id='word_1_99' title='bbox 727 3394 828 3462; x_wconf 82' lang='lat' dir='ltr'><strong>potens</strong></span> <span class='ocrx_word' id='word_1_100' title='bbox 841 3384 937 3453; x_wconf 89' lang='lat' dir='ltr'><strong>armis,</strong></span> <span class='ocrx_word' id='word_1_101' title='bbox 957 3394 1043 3461; x_wconf 89' lang='lat' dir='ltr'><strong>atque</strong></span> <span class='ocrx_word' id='word_1_102' title='bbox 1056 3386 1144 3444; x_wconf 87' lang='lat' dir='ltr'><strong>ubere</strong></span> <span class='ocrx_word' id='word_1_103' title='bbox 1158 3385 1249 3463; x_wconf 72' lang='lat' dir='ltr'><strong>glebae</strong></span> <span class='ocrx_word' id='word_1_104' title='bbox 1256 3408 1265 3456; x_wconf 67' lang='grc' dir='ltr'><strong><em>ς</em></strong></span> 
     </span>
    </p>

    <p class='ocr_par' dir='ltr' id='par_1_13' title="bbox 479 3485 1154 3555">
     <span class='ocr_line' id='line_1_17' title="bbox 479 3485 1154 3555; baseline 0 -11"><span class='ocrx_word' id='word_1_105' title='bbox 479 3486 601 3544; x_wconf 86' lang='lat' dir='ltr'><strong>OEnotri</strong></span> <span class='ocrx_word' id='word_1_106' title='bbox 614 3487 728 3544; x_wconf 89' lang='lat' dir='ltr'><strong>coluere</strong></span> <span class='ocrx_word' id='word_1_107' title='bbox 740 3485 809 3544; x_wconf 85' lang='lat' dir='ltr'><strong>viri:</strong></span> <span class='ocrx_word' id='word_1_108' title='bbox 832 3505 910 3544; x_wconf 91' lang='lat' dir='ltr'><strong>nunc</strong></span> <span class='ocrx_word' id='word_1_109' title='bbox 922 3486 1010 3555; x_wconf 88' lang='lat' dir='ltr'><strong>sama,</strong></span> <span class='ocrx_word' id='word_1_110' title='bbox 1030 3486 1154 3544; x_wconf 81' lang='lat' dir='ltr'><strong>minores</strong></span> 
     </span>
    </p>

    <p class='ocr_par' dir='ltr' id='par_1_14' title="bbox 480 3587 1120 3665">
     <span class='ocr_line' id='line_1_18' title="bbox 480 3587 1120 3665; baseline 0.005 -20"><span class='ocrx_word' id='word_1_111' title='bbox 480 3588 594 3646; x_wconf 84' lang='lat' dir='ltr'><strong>ltaliam</strong></span> <span class='ocrx_word' id='word_1_112' title='bbox 607 3587 709 3646; x_wconf 79' lang='lat' dir='ltr'><strong>dixisse</strong></span> <span class='ocrx_word' id='word_1_113' title='bbox 721 3587 801 3646; x_wconf 91' lang='lat' dir='ltr'><strong>ducis</strong></span> <span class='ocrx_word' id='word_1_114' title='bbox 814 3589 850 3645; x_wconf 92' lang='lat' dir='ltr'><strong>de</strong></span> <span class='ocrx_word' id='word_1_115' title='bbox 863 3587 980 3646; x_wconf 89' lang='lat' dir='ltr'><strong>nomine</strong></span> <span class='ocrx_word' id='word_1_116' title='bbox 993 3598 1120 3665; x_wconf 84' lang='lat' dir='ltr'><strong>gentem.</strong></span> 
     </span>
    </p>

    <p class='ocr_par' dir='ltr' id='par_1_15' title="bbox 480 3689 731 3749">
     <span class='ocr_line' id='line_1_19' title="bbox 480 3689 731 3749; baseline -0.008 0"><span class='ocrx_word' id='word_1_117' title='bbox 480 3691 541 3749; x_wconf 89' lang='lat' dir='ltr'><strong>Hic</strong></span> <span class='ocrx_word' id='word_1_118' title='bbox 552 3690 648 3749; x_wconf 89' lang='lat' dir='ltr'><strong>cursus</strong></span> <span class='ocrx_word' id='word_1_119' title='bbox 660 3689 731 3748; x_wconf 86' lang='lat' dir='ltr'><strong>snit:</strong></span> 
     </span>
    </p>

    <p class='ocr_par' dir='ltr' id='par_1_16' title="bbox 481 3791 1260 3869">
     <span class='ocr_line' id='line_1_20' title="bbox 481 3791 1260 3869; baseline 0.001 -18"><span class='ocrx_word' id='word_1_120' title='bbox 481 3794 594 3863; x_wconf 77' lang='lat' dir='ltr'><strong>Quum,</strong></span> <span class='ocrx_word' id='word_1_121' title='bbox 613 3792 708 3850; x_wconf 91' lang='lat' dir='ltr'><strong>subito</strong></span> <span class='ocrx_word' id='word_1_122' title='bbox 721 3791 875 3869; x_wconf 80' lang='lat' dir='ltr'><strong>adsurgens</strong></span> <span class='ocrx_word' id='word_1_123' title='bbox 888 3791 987 3859; x_wconf 75' lang='lat' dir='ltr'><strong>fludio,</strong></span> <span class='ocrx_word' id='word_1_124' title='bbox 1007 3791 1155 3850; x_wconf 89' lang='lat' dir='ltr'><strong>nimbosus</strong></span> <span class='ocrx_word' id='word_1_125' title='bbox 1167 3792 1260 3852; x_wconf 91' lang='lat' dir='ltr'><strong>Orion</strong></span> 
     </span>
    </p>

    <p class='ocr_par' dir='ltr' id='par_1_17' title="bbox 480 3893 1268 3972">
     <span class='ocr_line' id='line_1_21' title="bbox 480 3893 1268 3972; baseline -0.001 -18"><span class='ocrx_word' id='word_1_126' title='bbox 480 3897 514 3954; x_wconf 94' lang='lat' dir='ltr'><strong>In</strong></span> <span class='ocrx_word' id='word_1_127' title='bbox 529 3897 599 3954; x_wconf 85' lang='lat' dir='ltr'><strong>vada</strong></span> <span class='ocrx_word' id='word_1_128' title='bbox 612 3914 687 3953; x_wconf 79' lang='lat' dir='ltr'><strong>caeca</strong></span> <span class='ocrx_word' id='word_1_129' title='bbox 701 3894 777 3962; x_wconf 79' lang='lat' dir='ltr'><strong>tulit,</strong></span> <span class='ocrx_word' id='word_1_130' title='bbox 796 3893 968 3971; x_wconf 87' lang='lat' dir='ltr'><strong>penitusque</strong></span> <span class='ocrx_word' id='word_1_131' title='bbox 980 3893 1147 3972; x_wconf 83' lang='lat' dir='ltr'><strong>procacibus</strong></span> <span class='ocrx_word' id='word_1_132' title='bbox 1160 3895 1268 3967; x_wconf 78' lang='lat' dir='ltr'><strong>sustris,</strong></span> 
     </span>
    </p>

    <p class='ocr_par' dir='ltr' id='par_1_18' title="bbox 480 3993 1261 4074">
     <span class='ocr_line' id='line_1_22' title="bbox 480 3993 1261 4074; baseline 0.001 -18"><span class='ocrx_word' id='word_1_133' title='bbox 480 4000 590 4074; x_wconf 85' lang='lat' dir='ltr'><strong>Perque</strong></span> <span class='ocrx_word' id='word_1_134' title='bbox 601 3998 701 4066; x_wconf 85' lang='lat' dir='ltr'><strong>undas,</strong></span> <span class='ocrx_word' id='word_1_135' title='bbox 722 3997 872 4073; x_wconf 85' lang='lat' dir='ltr'><strong>superante</strong></span> <span class='ocrx_word' id='word_1_136' title='bbox 885 3996 953 4065; x_wconf 85' lang='lat' dir='ltr'><strong>salo,</strong></span> <span class='ocrx_word' id='word_1_137' title='bbox 973 4015 1081 4073; x_wconf 80' lang='lat' dir='ltr'><strong>perque</strong></span> <span class='ocrx_word' id='word_1_138' title='bbox 1093 3996 1172 4055; x_wconf 84' lang='lat' dir='ltr'><strong>invia</strong></span> <span class='ocrx_word' id='word_1_139' title='bbox 1184 3993 1261 4070; x_wconf 71' lang='lat' dir='ltr'><strong>sans,</strong></span> 
     </span>
    </p>

    <p class='ocr_par' dir='ltr' id='par_1_19' title="bbox 480 4096 1169 4177">
     <span class='ocr_line' id='line_1_23' title="bbox 480 4096 1169 4177; baseline -0.001 -19"><span class='ocrx_word' id='word_1_140' title='bbox 480 4099 622 4177; x_wconf 84' lang='lat' dir='ltr'><strong>Dispuiit:</strong></span> <span class='ocrx_word' id='word_1_141' title='bbox 645 4100 702 4157; x_wconf 94' lang='lat' dir='ltr'><strong>huc</strong></span> <span class='ocrx_word' id='word_1_142' title='bbox 714 4098 800 4177; x_wconf 87' lang='lat' dir='ltr'><strong>pauci</strong></span> <span class='ocrx_word' id='word_1_143' title='bbox 813 4096 909 4156; x_wconf 87' lang='lat' dir='ltr'><strong>vestris</strong></span> <span class='ocrx_word' id='word_1_144' title='bbox 921 4098 1089 4156; x_wconf 87' lang='lat' dir='ltr'><strong>adnavimus</strong></span> <span class='ocrx_word' id='word_1_145' title='bbox 1101 4098 1169 4157; x_wconf 86' lang='lat' dir='ltr'><strong>oris.</strong></span> 
     </span>
    </p>

    <p class='ocr_par' dir='ltr' id='par_1_20' title="bbox 480 4200 1279 4362">
     <span class='ocr_line' id='line_1_24' title="bbox 480 4200 1279 4280; baseline 0 -19"><span class='ocrx_word' id='word_1_146' title='bbox 480 4203 570 4262; x_wconf 77' lang='lat' dir='ltr'><strong>Quod</strong></span> <span class='ocrx_word' id='word_1_147' title='bbox 583 4221 674 4280; x_wconf 81' lang='lat' dir='ltr'><strong>genus</strong></span> <span class='ocrx_word' id='word_1_148' title='bbox 686 4201 743 4259; x_wconf 91' lang='lat' dir='ltr'><strong>hoc</strong></span> <span class='ocrx_word' id='word_1_149' title='bbox 756 4200 918 4268; x_wconf 86' lang='lat' dir='ltr'><strong>hominurn,</strong></span> <span class='ocrx_word' id='word_1_150' title='bbox 937 4218 1037 4275; x_wconf 84' lang='lat' dir='ltr'><strong>quaeve</strong></span> <span class='ocrx_word' id='word_1_151' title='bbox 1050 4200 1128 4258; x_wconf 94' lang='lat' dir='ltr'><strong>hunc</strong></span> <span class='ocrx_word' id='word_1_152' title='bbox 1142 4210 1202 4259; x_wconf 84' lang='lat' dir='ltr'><strong>tum</strong></span> <span class='ocrx_word' id='word_1_153' title='bbox 1215 4203 1279 4261; x_wconf 84' lang='lat' dir='ltr'><strong>bar·</strong></span> 
     </span>
     <span class='ocr_line' id='line_1_25' title="bbox 558 4307 751 4362; baseline -0.016 0"><span class='ocrx_word' id='word_1_154' title='bbox 558 4307 626 4362; x_wconf 85' lang='lat' dir='ltr'><strong>bara</strong></span> <span class='ocrx_word' id='word_1_155' title='bbox 641 4321 751 4362; x_wconf 86' lang='lat' dir='ltr'><strong>morem</strong></span> 
     </span>
    </p>

    <p class='ocr_par' dir='ltr' id='par_1_21' title="bbox 481 4402 1206 4481">
     <span class='ocr_line' id='line_1_26' title="bbox 481 4402 1206 4481; baseline -0.001 -15"><span class='ocrx_word' id='word_1_156' title='bbox 481 4407 625 4466; x_wconf 79' lang='lat' dir='ltr'><strong>Permittit</strong></span> <span class='ocrx_word' id='word_1_157' title='bbox 637 4404 744 4481; x_wconf 82' lang='lat' dir='ltr'><strong>patria?</strong></span> <span class='ocrx_word' id='word_1_158' title='bbox 765 4402 889 4480; x_wconf 90' lang='lat' dir='ltr'><strong>hospitio</strong></span> <span class='ocrx_word' id='word_1_159' title='bbox 901 4402 1087 4479; x_wconf 88' lang='lat' dir='ltr'><strong>prohibemur</strong></span> <span class='ocrx_word' id='word_1_160' title='bbox 1097 4423 1206 4465; x_wconf 77' lang='lat' dir='ltr'><strong>arenaee</strong></span> 
     </span>
    </p>

    <p class='ocr_par' dir='ltr' id='par_1_22' title="bbox 481 4507 1195 4586">
     <span class='ocr_line' id='line_1_27' title="bbox 481 4507 1195 4586; baseline -0.006 -16"><span class='ocrx_word' id='word_1_161' title='bbox 481 4511 562 4570; x_wconf 86' lang='lat' dir='ltr'><strong>Bella</strong></span> <span class='ocrx_word' id='word_1_162' title='bbox 574 4510 660 4578; x_wconf 87' lang='lat' dir='ltr'><strong>cient,</strong></span> <span class='ocrx_word' id='word_1_163' title='bbox 679 4507 829 4586; x_wconf 75' lang='lat' dir='ltr'><strong>primdque</strong></span> <span class='ocrx_word' id='word_1_164' title='bbox 841 4515 939 4564; x_wconf 79' lang='lat' dir='ltr'><strong>vetant</strong></span> <span class='ocrx_word' id='word_1_165' title='bbox 951 4507 1098 4565; x_wconf 82' lang='lat' dir='ltr'><strong>consistere</strong></span> <span class='ocrx_word' id='word_1_166' title='bbox 1112 4510 1195 4567; x_wconf 72' lang='lat' dir='ltr'><strong>terri.</strong></span> 
     </span>
    </p>

    <p class='ocr_par' dir='ltr' id='par_1_23' title="bbox 482 4608 1218 4690">
     <span class='ocr_line' id='line_1_28' title="bbox 482 4608 1218 4690; baseline -0.007 -17"><span class='ocrx_word' id='word_1_167' title='bbox 482 4614 511 4673; x_wconf 85' lang='lat' dir='ltr'><strong>si</strong></span> <span class='ocrx_word' id='word_1_168' title='bbox 525 4631 615 4690; x_wconf 86' lang='lat' dir='ltr'><strong>genus</strong></span> <span class='ocrx_word' id='word_1_169' title='bbox 628 4612 788 4670; x_wconf 87' lang='lat' dir='ltr'><strong>humanum</strong></span> <span class='ocrx_word' id='word_1_170' title='bbox 801 4617 832 4666; x_wconf 93' lang='lat' dir='ltr'><strong>et</strong></span> <span class='ocrx_word' id='word_1_171' title='bbox 843 4608 975 4666; x_wconf 78' lang='lat' dir='ltr'><strong>mortalis</strong></span> <span class='ocrx_word' id='word_1_172' title='bbox 989 4609 1118 4668; x_wconf 86' lang='lat' dir='ltr'><strong>temnitis</strong></span> <span class='ocrx_word' id='word_1_173' title='bbox 1130 4629 1218 4679; x_wconf 85' lang='lat' dir='ltr'><strong>arma,</strong></span> 
     </span>
    </p>

    <p class='ocr_par' dir='ltr' id='par_1_24' title="bbox 483 4709 1228 4793">
     <span class='ocr_line' id='line_1_29' title="bbox 483 4709 1228 4793; baseline -0.004 -18"><span class='ocrx_word' id='word_1_174' title='bbox 483 4717 526 4775; x_wconf 92' lang='lat' dir='ltr'><strong>At</strong></span> <span class='ocrx_word' id='word_1_175' title='bbox 539 4714 647 4793; x_wconf 83' lang='lat' dir='ltr'><strong>sperate</strong></span> <span class='ocrx_word' id='word_1_176' title='bbox 659 4713 726 4773; x_wconf 79' lang='lat' dir='ltr'><strong>deos</strong></span> <span class='ocrx_word' id='word_1_177' title='bbox 737 4728 878 4772; x_wconf 70' lang='lat' dir='ltr'><strong>mores</strong></span> <span class='ocrx_word' id='word_1_178' title='bbox 889 4709 982 4782; x_wconf 85' lang='lat' dir='ltr'><strong>sandi,</strong></span> <span class='ocrx_word' id='word_1_179' title='bbox 1001 4719 1088 4788; x_wconf 86' lang='lat' dir='ltr'><strong>atque</strong></span> <span class='ocrx_word' id='word_1_180' title='bbox 1100 4711 1228 4772; x_wconf 78' lang='lat' dir='ltr'><strong>nefandi.</strong></span> 
     </span>
    </p>
   </div>
   <div class='ocr_carea' id='block_1_4' title="bbox 1027 4944 1032 4980">
    <p class='ocr_par' dir='ltr' id='par_1_25' title="bbox 1027 4944 1032 4980">
     <span class='ocr_line' id='line_1_30' title="bbox 1027 4944 1032 4980; baseline 0 0"><span class='ocrx_word' id='word_1_181' title='bbox 1027 4944 1032 4980; x_wconf 84' lang='grc' dir='ltr'><strong><em>Ι</em></strong></span> 
     </span>
    </p>
   </div>
   <div class='ocr_carea' id='block_1_5' title="bbox 0 0 1773 6884">
    <p class='ocr_par' dir='ltr' id='par_1_26' title="bbox 0 0 1773 6884">
     <span class='ocr_line' id='line_1_31' title="bbox 0 0 1773 6884; baseline 0 0"><span class='ocrx_word' id='word_1_182' title='bbox 0 0 1773 6884; x_wconf 95' lang='lat' dir='ltr'><strong> </strong></span> 
     </span>
    </p>
   </div>
  </div>
 </body>
</html>
