3492 6884
470 1754 576 1807 v.523.
773 1749 825 1807 LI
839 1751 871 1808 B.
911 1751 951 1810 II.
1203 1760 1260 1811 235

468 1904 536 1961 Huc
549 1903 666 1962 tandem
677 1906 813 1963 concede:
835 1906 897 1964 haec
910 1926 958 1964 ara
974 1906 1101 1966 tuebitur
1112 1907 1219 1979 omnim

469 2006 530 2069 Aut
544 2006 665 2064 moriere
679 2005 769 2064 fimul.
810 2007 856 2065 Sic
868 2028 917 2065 ore
929 2008 1023 2076 effata,
1045 2010 1152 2087 recepit

468 2108 517 2166 Ad
528 2107 595 2177 sese,
615 2116 646 2165 et
658 2107 733 2166 sacra
747 2109 909 2186 longoevum
922 2110 953 2166 in
967 2111 1031 2168 sede
1044 2111 1157 2168 locavit.

507 2209 595 2267 Ecce!
620 2218 727 2277 autem,
747 2210 857 2268 elabsus
871 2211 970 2288 Pyrrhi
984 2212 1020 2269 de
1033 2213 1120 2280 caede,
1141 2211 1252 2281 Polites,

468 2311 552 2369 Unus
565 2321 698 2368 natorum
712 2311 825 2381 Priami,
844 2332 895 2389 per
908 2313 974 2383 tela,
994 2333 1044 2390 per
1056 2314 1149 2382 bostis,

469 2413 627 2471 uoracibus
640 2413 734 2490 longis
746 2414 833 2490 sugit,
853 2395 985 2473 avam
999 2415 1070 2473 auu
1085 2416 1182 2474 lustrat

469 2515 595 2574 Saucius.
635 2516 733 2584 Illum,
745 2518 854 2584 ardens,
866 2516 969 2575 infesto
982 2518 1097 2575 volnere
1110 2518 1231 2594 Pyrrhus

467 2616 640 2694 Insequitur,
663 2616 725 2694 jam
743 2617 861 2695 jamque
884 2638 972 2677 mann
995 2628 1083 2690 tenet,
1107 2629 1136 2678 et
1159 2619 1265 2697 premit

546 2719 632 2777 baut.

376 2815 379 2822 ’
469 2820 513 2878 Ut
527 2822 643 2879 tandem
655 2830 723 2879 ante
735 2821 831 2879 oculos
844 2822 930 2880 evatit
943 2832 973 2880 et
985 2841 1033 2880 ora
1047 2833 1209 2899 parentum,

470 2923 616 2992 Concidit,
636 2942 669 2981 ac
682 2924 775 2981 multo
787 2924 878 2981 vitam
891 2942 958 2981 cum
972 2924 1109 3001 sanguine
1122 2924 1208 2982 fudit.

470 3025 530 3082 Hic
543 3024 679 3093 Priamus,
698 3044 872 3101 quamquam
884 3025 916 3083 in
933 3024 1028 3083 medii
1037 3024 1099 3101 jam
1117 3035 1210 3084 morte
1224 3036 1267 3084 te-

549 3135 642 3192 netur,

471 3228 540 3291 Non
555 3237 652 3285 tamen
665 3227 810 3297 abstinuit,
831 3246 884 3285 nec
897 3227 960 3285 roci
973 3227 1079 3303 iraeque
1091 3229 1233 3307 pepercit:

470 3331 514 3392 At
528 3329 581 3385 tibi
594 3348 645 3406 pro
656 3328 770 3398 scelere,
790 3330 940 3398 exclamat,
960 3348 1012 3406 pro
1030 3330 1134 3388 talibus
1146 3331 1227 3401 antia,

472 3432 522 3499 Di,
543 3433 562 3488 sr
576 3450 632 3506 qua
645 3431 685 3489 est
697 3432 769 3489 coelo
782 3430 882 3507 pietas,
902 3451 967 3506 quae
980 3431 1047 3489 talia
1060 3443 1150 3501 curet,

472 3532 634 3590 Persolvant
646 3542 739 3608 grates
752 3533 863 3609 dignas,
883 3542 913 3590 et
925 3533 1042 3610 praemia
1057 3535 1176 3592 reddant

471 3633 591 3697 Debita:
613 3634 664 3709 qui
678 3634 738 3692 nati
751 3653 846 3691 coram
858 3652 906 3691 me
919 3653 1033 3692 cernere
1046 3635 1138 3693 letum

473 3736 582 3806 Fecisti,
604 3745 633 3793 et
646 3736 751 3813 patrios
764 3736 876 3793 soedasti
888 3736 989 3793 sunere
1002 3737 1104 3795 voltus.

471 3840 515 3896 At
528 3856 586 3895 non
599 3837 657 3903 ille,
677 3835 770 3895 satum
784 3857 841 3913 quo
856 3848 884 3895 te
897 3838 1037 3906 mentiris,
1057 3839 1187 3897 Achillea
1250 3894 1259 3906 ,

471 3942 551 4001 Talis
563 3941 594 3999 in
607 3940 685 3999 hoste
698 3940 756 3998 suit
766 3940 878 3998 Priamo
881 3965 890 4010 3
912 3939 960 3998 sed
969 3939 1033 4017 jura
1048 3940 1192 4017 fidemque
1216 4017 1218 4021 Ι

473 4043 614 4122 Supplicia
626 4042 750 4112 erubuit,
770 4060 928 4118 corpusque
940 4042 1084 4119 exsangue
1097 4042 1224 4120 sepulcro

474 4145 611 4204 Reddidit
622 4145 806 4214 Hectoreum,
819 4163 923 4220 meque
933 4144 964 4201 in
976 4162 1039 4202 mea
1052 4163 1140 4221 regna
1153 4145 1268 4212 remitit.

474 4250 520 4308 Sic
533 4248 723 4318 famulemur,
744 4247 892 4323 telumque
904 4246 1011 4305 inbelle
1023 4247 1082 4305 tine
1095 4247 1155 4306 inu
1286 4233 1290 4246 ’

475 4351 620 4429 conjecit5
642 4369 726 4409 rauco
738 4351 824 4427 quod,
844 4349 974 4424 protinus
987 4368 1042 4407 aere
1055 4349 1209 4426 repulsum,

475 4455 520 4512 Ex
532 4454 644 4511 summo
655 4452 742 4530 clipei
756 4450 950 4527 nequidquam
967 4454 1093 4509 umbone
1104 4451 1252 4528 pependit.

476 4556 534 4615 Cui
549 4554 683 4632 Pyrrhus:
706 4554 821 4612 Referes
833 4571 903 4629 ergo
915 4552 985 4622 baec,
1004 4563 1034 4610 et
1047 4554 1166 4612 nuntius
1178 4553 1243 4625 ibis,

474 4657 578 4719 Pelidae
591 4656 729 4736 genitori:
750 4656 794 4715 illi
808 4672 872 4713 mea
891 4652 980 4712 tristia
992 4653 1077 4727 sacta,
