3492 6884
443 1797 472 1841 v.
484 1784 553 1839 421.
747 1781 846 1842 LIB.
887 1782 940 1841 lV.
1181 1790 1233 1842 121

444 1935 594 2013 Deprenfio
606 1934 676 1995 olim
690 1936 773 1996 statio
784 1937 919 1996 tutiffima
932 1936 1043 1996 nautis:

443 2038 526 2096 Intus
539 2038 568 2096 se
579 2038 648 2098 vasti
661 2041 776 2098 Proteus
788 2040 862 2117 tegit
873 2040 965 2118 objice
978 2040 1048 2098 saxi.
1128 2090 1131 2098 .

444 2142 503 2201 Hic
505 2141 643 2220 juvenem
650 2142 680 2201 in
687 2143 812 2212 latebris,
817 2142 1237 2220 aversumaluminenympha

445 2245 599 2304 Conlocat:
621 2245 681 2323 ipsa
693 2247 801 2323 procul,
821 2246 935 2305 nebulis
948 2247 1074 2316 obscura,
1095 2246 1203 2305 refistit.

445 2348 511 2425 Jorn
524 2349 639 2407 rabidus
650 2358 759 2408 torrens
772 2349 891 2408 fitientis
904 2349 993 2407 Sirius
1005 2350 1092 2407 Indos

443 2452 574 2511 Ardebat
586 2452 667 2521 ooelo,
686 2461 716 2512 et
727 2453 855 2511 medium
868 2452 915 2511 Sol
927 2451 1030 2528 igneus
1042 2452 1140 2510 orbem

443 2554 587 2613 Hauserat
591 2579 601 2626 ς
622 2557 740 2614 arebant
752 2556 857 2627 herbae,
877 2564 907 2613 et
918 2573 986 2613 cava
999 2554 1120 2612 flumina
1133 2552 1212 2612 fiocis

445 2656 585 2716 Faucibus
598 2659 635 2716 ad
645 2658 749 2720 limum
762 2659 833 2718 radii
847 2659 987 2735 tepefasta
1000 2660 1174 2733 coquebant:

445 2759 548 2819 Quum
560 2762 684 2832 Proteus,
698 2762 831 2821 consueta
843 2773 943 2839 petens
954 2779 971 2819 e
984 2760 1117 2819 fluctibus
1129 2768 1220 2829 antra,

445 2864 524 2936 lbat,
544 2882 613 2923 eum
623 2864 692 2923 vasti
704 2864 814 2924 circum
826 2883 896 2943 gens
908 2864 1028 2922 humida
1040 2862 1123 2940 ponti
1203 2910 1205 2915 .

427 3024 432 3032 ,
446 2966 598 3025 Exsultans
610 2986 703 3025 rorem
716 2968 774 3025 late
786 2968 915 3045 dispertit
927 2975 1064 3025 amarum.

446 3070 581 3128 Sternunt
593 3069 622 3128 se
636 3069 734 3128 somno
745 3070 863 3129 diversos
875 3070 907 3127 in
918 3070 1003 3129 litore
1014 3069 1128 3147 phocae:

446 3171 519 3249 lpse,
539 3172 621 3230 velut
633 3173 733 3232 stabuli
745 3172 836 3231 custos
847 3174 879 3231 in
891 3174 1039 3231 montibus
1051 3172 1131 3241 olim,

446 3274 555 3350 Vesper
566 3275 617 3333 ubi
629 3294 647 3333 e
658 3276 737 3352 pastu
749 3276 852 3335 vitulos
864 3276 901 3335 ad
914 3276 988 3334 tecta
999 3275 1121 3343 reducit,

446 3377 621 3453 Auditisque
632 3377 715 3454 lupos
727 3387 834 3437 acuunt
846 3378 988 3437 balatibus
1001 3378 1079 3455 agni,

448 3480 578 3539 Confidit
590 3479 705 3557 scopulo
715 3481 835 3551 medius,
854 3499 1065 3556 numerumque
1077 3479 1214 3539 recenset.

448 3582 537 3661 Cujus
549 3583 670 3642 Aristaeo
682 3584 819 3660 quoniam
832 3584 872 3642 est
888 3584 982 3642 oblata
995 3582 1125 3653 facultas,

448 3686 507 3744 Vix
520 3686 623 3745 deselsa
636 3686 733 3746 senem
745 3686 837 3764 pallus
849 3705 1009 3764 conponere
1020 3687 1159 3756 membra,

449 3790 526 3848 Cum
538 3790 662 3849 clamore
674 3789 733 3848 ruit
744 3808 860 3867 magno,
881 3789 1059 3866 manicisque
1067 3788 1211 3866 jacentem

449 3894 589 3970 Occupat.
628 3894 692 3965 Ille,
711 3892 769 3951 suae
780 3903 880 3952 contra
892 3911 950 3952 non
962 3892 1104 3951 inmemor
1115 3891 1192 3962 ortis',

449 3995 557 4064 Omnis
567 3998 750 4055 transformat
764 3996 823 4057 sese
835 3997 867 4055 in
880 3996 1019 4055 miracula
1032 4014 1136 4066 rerum,

449 4098 624 4175 Ignemque,¹
637 4098 861 4175 horribilemque
881 4100 981 4170 seram,
1006 4097 1185 4176 fluviumque
1204 4096 1242 4158 li·

527 4209 673 4276 quentem.

448 4302 568 4370 Verum,
587 4301 638 4360 ubi
650 4302 729 4361 nulla
742 4301 843 4379 fugam
854 4300 961 4379 reperit
972 4300 1101 4379 pellacia,
1113 4300 1205 4360 siclus

449 4406 486 4464 In
499 4404 556 4463 sese
568 4404 652 4475 redit,
670 4413 757 4481 atque
769 4404 895 4463 hominis
907 4405 1024 4463 tandem
1033 4422 1082 4463 ore
1094 4404 1221 4463 locutura

451 4506 607 4583 Numquis
620 4514 658 4576 te,
674 4505 815 4584 juvenum
827 4505 1073 4578 confidentiffime,
1094 4507 1198 4565 nostras

450 4609 534 4690 Juffit
547 4610 625 4668 adire
636 4611 753 4669 domus?
769 4609 876 4687 quidve
887 4608 1056 4688 bincpetisl
1076 4609 1182 4687 inquit.
1201 4610 1245 4669 At

528 4709 596 4771 ille:
888 4723 890 4730 ’
