3492 6884
441 1456 498 1510 ua
707 1452 900 1512 ⁶01n1s.
1113 1458 1235 1522 ·v.127.

437 1606 535 1663 Aurea
548 1605 677 1664 sollemni
693 1616 823 1667 comtum
836 1627 950 1686 quoque
963 1607 1051 1667 fibula
1063 1607 1122 1666 ritu

305 1726 317 1750 ν
438 1706 590 1785 Mopsopio
603 1710 685 1767 tereti
699 1711 832 1769 nedlebat
844 1712 930 1770 dente
942 1710 1057 1769 cicada.

383 1879 386 1885 ι
438 1808 504 1866 Nec
515 1828 583 1868 vero
596 1810 657 1869 hare
669 1811 750 1870 vobio
762 1812 887 1871 custodia
900 1831 973 1871 rana
986 1811 1091 1880 fuisset,

438 1911 504 1968 Nec
517 1911 625 1985 fuerat5
646 1913 699 1971 nifi
712 1914 814 1990 Scylla,
835 1933 910 1972 novo
922 1922 1057 1990 conrepta
1070 1913 1174 1981 furore,

439 2012 543 2090 Scylla,
552 2014 640 2090 patrie
651 2014 748 2073 miseri
761 2017 917 2093 patriaeque
928 2016 1044 2073 inventa
1056 2013 1225 2091 sepulcrm,

437 2114 467 2172 Ο
481 2115 603 2175 nimium
614 2117 723 2193 cupidis
737 2118 758 2175 fi
771 2136 829 2175 non
841 2116 974 2175 inhiasset
985 2116 1098 2174 ocellis!

438 2217 493 2274 Sed
506 2218 598 2277 malua
609 2217 660 2276 ille
672 2237 752 2294 puer,
772 2237 860 2294 quem
873 2237 926 2276 nec
940 2218 988 2275 sua
1001 2217 1114 2276 uenere
1127 2227 1220 2276 mater

438 2318 550 2376 Iratum
561 2319 665 2396 potuit,
685 2339 771 2396 quem
784 2338 838 2377 nec
849 2329 939 2396 pater,
959 2329 1046 2394 atque
1059 2338 1128 2377 arua
1141 2319 1217 2376 idem

437 2419 566 2496 Jupiter:
587 2419 638 2478 ille
650 2420 739 2478 etiam
756 2422 856 2478 Poenos
868 2421 1009 2478 domitare
1022 2421 1127 2488 leones,

437 2520 476 2577 Et
489 2519 596 2579 validas
608 2521 708 2579 docuit
719 2521 793 2579 vires
806 2520 1000 2580 mansuescere
1014 2521 1109 2597 tigrin

427 2621 491 2678 ‹Ille
502 2621 591 2680 etiam
600 2621 690 2692 divor,
703 2622 846 2692 hominea3
862 2622 911 2680 sed
924 2623 1018 2680 dicere
1031 2642 1171 2701 maguum
1180 2623 1233 2682 esl:

438 2722 521 2781 Idem
534 2733 597 2782 tum
610 2724 700 2782 tristes
713 2726 832 2782 acuebat
845 2725 978 2801 parvulus
991 2724 1047 2782 ima

437 2808 561 2901 Junonia¹
572 2843 695 2901 magna,
714 2823 794 2902 cujus
806 2824 928 2902 perjuria
942 2825 1017 2884 divae

438 2925 521 2983 Olim
533 2925 563 2984 se
575 2925 734 2984 meminisse
747 2926 798 2985 diu
809 2926 920 3005 perjura
934 2926 1038 3004 puella

437 3027 508 3086 Non
523 3028 576 3086 ulli
587 3027 683 3087 liceat.
721 3028 886 3087 Violarerat
898 3029 987 3087 inscia
1000 3030 1103 3101 sedem,

436 3129 518 3187 Dum
531 3128 614 3188 saeris
626 3139 742 3207 operata
755 3131 815 3188 dere
827 3129 946 3200 lascivit,
966 3143 995 3189 et
1008 3141 1089 3190 extra

426 3230 568 3291 ¹Proo'edit
579 3232 667 3310 longe
680 3242 806 3291 matrum
817 3233 1014 3310 comitumque
1026 3244 1179 3303 catervam,

437 3332 607 3410 Suspensum
619 3336 746 3412 gaudena
759 3334 791 3392 iu
804 3351 921 3411 corpore
934 3335 1032 3392 ludere
1044 3335 1158 3404 vellem,

437 3434 477 3491 Et
489 3435 614 3493 tumidos
626 3435 754 3512 agitante
767 3435 842 3492 smus
855 3435 1001 3511 Aquilone
1013 3435 1150 3493 relaxans.

437 3535 503 3593 Nec
517 3537 587 3594 dum
599 3536 688 3594 etiam
700 3537 786 3594 callos
799 3536 956 3611 agitaverat
968 3536 1044 3612 ignis
1057 3536 1185 3610 honores,

436 3635 594 3707 Necdum,
614 3636 744 3694 sollemni
758 3637 877 3714 lympha
889 3637 1011 3714 perlusa,
1031 3638 1158 3699 sacerdos

436 3736 571 3795 Pollentia
584 3736 659 3795 follia
672 3749 758 3814 caput
771 3751 921 3797 exornarat
932 3738 1028 3797 olivae:

436 3839 513 3896 Cum
526 3838 603 3897 labsa
616 3858 633 3896 e
646 3839 779 3896 manibus
791 3839 868 3915 fugit
885 3841 952 3917 pila,
972 3860 1095 3917 cumque
1108 3843 1216 3904 relabsa

436 3940 578 3998 Procurrit
590 3939 686 4016 virgo:
709 3958 766 4015 quo
779 3941 891 3998 utinam
904 3960 940 3999 ne
953 3943 1066 4019 prodita
1080 3943 1148 4005 ludo

434 4043 577 4100 Auratam
589 4040 690 4118 gracili
704 4041 826 4099 solvisset
838 4061 954 4119 corpore
967 4045 1085 4121 pallaml

434 4143 552 4214 Omnia,
565 4162 630 4220 quie
643 4143 766 4201 retinere
780 4145 911 4219 gradum,
926 4145 1097 4221 cursumque
1109 4150 1214 4208 morari

435 4245 556 4315 Pollent.
576 4265 594 4305 o
607 4254 703 4304 tecum
715 4245 819 4303 vellem
832 4255 882 4304 tua
896 4247 1005 4324 semper
1017 4247 1147 4309 habereal

435 4348 505 4408 Nou
518 4348 773 4461 umquamyiolata
785 4368 875 4409 manu
887 4348 1006 4410 sacraria
1018 4350 1101 4421 dive,
1209 4364 1213 4374 '
1323 4376 1326 4385 ·
