3492 6884
520 1775 578 1842 ιφ
781 1766 1058 1840 AENEIDOS,
1197 1778 1305 1841 mm.

423 1949 427 1954 ·
517 1921 712 1982 Vicithieme:
734 1922 942 1983 laxisloterum
953 1923 1128 2002 conpagibus
1138 1942 1237 1984 omnes

396 2077 398 2081 Α
513 2023 677 2101 Adcipiunt
688 2025 841 2085 inimicum
857 2026 989 2096 imbrem,
1008 2023 1145 2101 rimisque
1159 2026 1304 2087 fatiscunt

553 2125 675 2197 Interea,
693 2146 799 2204 magno
811 2127 921 2186 misceri
936 2145 1081 2186 murmure
1095 2136 1226 2203 pontum,

513 2226 705 2305 Emiffamque
717 2229 843 2287 hiemem
854 2228 940 2287 sentit
950 2229 1113 2305 Neptunus,
1132 2237 1164 2287 et
1174 2227 1241 2287 imin

513 2329 618 2407 Stagna
630 2330 722 2389 resusa
734 2331 822 2400 vadis,
842 2332 966 2407 graviter
982 2338 1131 2389 conmotus
1136 2354 1146 2401 5
1166 2340 1205 2400 et,
1224 2331 1284 2389 ulto

511 2430 693 2509 Prospiciens,
713 2432 823 2491 summu
840 2432 986 2510 placidum
1002 2440 1089 2509 caput
1100 2433 1204 2494 extulit
1215 2432 1301 2493 und&

510 2529 667 2609 Disiectam
678 2534 782 2591 AEneae
795 2541 855 2592 toto
867 2534 945 2591 videt
957 2552 1070 2610 equore
1081 2533 1207 2608 elnffem3

429 2623 433 2630 ’
510 2632 655 2693 fluctibus
667 2634 806 2712 oppressos
817 2635 906 2692 Trono
918 2634 1041 2711 coelique
1052 2634 1145 2693 mini.

399 2719 401 2723 Α
509 2732 576 2792 Nec
587 2734 695 2793 latuere
708 2737 768 2795 doli
779 2736 897 2793 fratrem
909 2735 1041 2820 Junqnie,
1060 2744 1092 2794 et
1101 2735 1160 2794 irae.

508 2834 618 2894 Eurum
638 2838 675 2895 od
694 2836 723 2895 se
745 2835 968 2915 Zephyrumque
985 2845 1068 2896 vocat
1071 2861 1081 2910 3
1107 2836 1213 2897 dehinc
1232 2837 1300 2899 ulia

585 2937 675 2996 futur:

506 3038 638 3098 Tantane
652 3043 702 3098 voe
714 3039 825 3116 generis
837 3039 932 3098 tenuit
943 3037 1050 3097 fiducia
1061 3038 1160 3098 vestri?

506 3140 574 3219 Jam
585 3141 691 3199 ooelum
702 3151 861 3219 terramque
873 3160 938 3200 meo
951 3140 1009 3199 fine
1020 3140 1149 3210 numine,
1161 3141 1260 3213 Venti,

506 3240 639 3314 Miscere,
659 3253 689 3301 et
702 3254 794 3303 tantae
806 3244 919 3302 audetis
931 3243 1029 3302 tollere
1041 3243 1148 3302 molen?

507 3344 590 3403 Quos
603 3344 745 3420 ego-sed
757 3353 850 3403 motos
861 3344 974 3422 prestat
985 3362 1144 3421 conponere
1156 3344 1272 3406 fluente:

505 3446 568 3505 Post
581 3446 654 3504 mihi
667 3465 725 3505 non
738 3447 822 3505 simili
834 3447 919 3525 poend
931 3446 1066 3504 conmiffn
1078 3445 1172 3506 luetis.

504 3548 651 3608 Maturate
663 3550 774 3627 fugam,
793 3550 912 3627 regique
925 3549 986 3607 haec
999 3548 1087 3607 dicite
1098 3550 1203 3613 vestro:

503 3650 575 3709 Non
587 3650 630 3709 illi
644 3640 799 3728 imperitim
813 3651 918 3728 pelagi,
937 3649 1101 3725 suevumque
1114 3651 1275 3720 tridentem,

504 3751 559 3810 sed
571 3752 652 3821 mihi,
671 3753 745 3810 sorte
758 3753 867 3811 datum.
906 3752 1001 3810 Tenet
1018 3751 1067 3808 ille
1079 3750 1206 3810 inmania
1218 3752 1293 3825 saxa,

502 3852 624 3923 Vestrae,
643 3854 727 3923 Eure,
747 3856 857 3912 domos:
879 3852 929 3911 illi
941 3854 970 3911 se
978 3852 1066 3931 jactet
1077 3854 1107 3910 in
1120 3854 1185 3928 auid

502 3953 617 4024 AEolus‚
637 3966 667 4014 et
679 3956 774 4013 clauso
786 3965 936 4013 ventorum
948 3973 1059 4012 carcere
1071 3965 1181 4035 regnet.

542 4056 588 4114 Sic
601 4056 654 4127 nit3
676 4065 715 4125 et,
733 4056 915 4126 neonium,
935 4056 1046 4115 tumida
1058 4075 1172 4133 aequorn
1183 4057 1290 4133 piacet:

502 4158 708 4233 conlettasque
720 4159 802 4234 fugat
815 4160 912 4227 nubes,
932 4156 1077 4233 solemque
1089 4159 1210 4218 reducit.

478 4296 479 4300 =
501 4259 672 4336 Cymothoii,
692 4259 773 4317 fimul
786 4269 816 4317 et
827 4261 929 4318 Triton
942 4262 1072 4343 adnixup
1092 4272 1176 4319 acuto

501 4362 668 4421 Detrudunt
680 4361 759 4418 navis
772 4361 901 4439 scopulo:
923 4363 1001 4420 levat
1013 4362 1071 4438 ipse
1084 4363 1199 4421 tridenti
1205 4386 1215 4433 ;

500 4466 539 4524 Et
551 4465 638 4522 vestas
651 4464 740 4541 aperit
752 4464 849 4541 Syrtis,
868 4474 899 4522 et
912 4473 1050 4541 temperat
1062 4483 1172 4540 aequor3

500 4566 599 4643 Atque
611 4566 680 4625 rotis
692 4565 814 4624 summas
826 4566 936 4624 levibus
945 4566 1102 4642 perlabitur
1112 4568 1211 4625 undas.

500 4667 556 4741 te,
575 4667 665 4729 veluti
674 4686 781 4747 magno
792 4667 825 4728 in
836 4668 943 4749 populo
952 4686 1045 4745 quum
1055 4667 1129 4748 saepe
1141 4678 1236 4729 coorta
1249 4669 1290 4730 est
