<?xml version="1.0" encoding="UTF-8"?>
<!DOCTYPE html PUBLIC "-//W3C//DTD XHTML 1.0 Transitional//EN"
    "http://www.w3.org/TR/xhtml1/DTD/xhtml1-transitional.dtd">
<html xmlns="http://www.w3.org/1999/xhtml" xml:lang="en" lang="en">
 <head>
  <title>
</title>
<meta http-equiv="Content-Type" content="text/html;charset=utf-8" />
  <meta name='ocr-system' content='tesseract 3.04.00' />
  <meta name='ocr-capabilities' content='ocr_page ocr_carea ocr_par ocr_line ocrx_word'/>
</head>
<body>
  <div class='ocr_page' id='page_1' title='image "./pvirgiliimaroni00wakegoog/pvirgiliimaroni00wakegoog_0208.png"; bbox 0 0 3492 6884; ppageno 0'>
   <div class='ocr_carea' id='block_1_1' title="bbox 488 1741 1285 1816">
    <p class='ocr_par' dir='ltr' id='par_1_1' title="bbox 488 1741 1285 1816">
     <span class='ocr_line' id='line_1_1' title="bbox 488 1741 1285 1816; baseline 0.003 -16"><span class='ocrx_word' id='word_1_1' title='bbox 488 1749 544 1816; x_wconf 76' lang='lat'>190</span> <span class='ocrx_word' id='word_1_2' title='bbox 743 1741 1020 1815; x_wconf 66' lang='lat' dir='ltr'>marsos,</span> <span class='ocrx_word' id='word_1_3' title='bbox 1177 1750 1285 1802; x_wconf 59' lang='lat' dir='ltr'>asar.</span> 
     </span>
    </p>
   </div>
   <div class='ocr_carea' id='block_1_2' title="bbox 455 1895 1284 4733">
    <p class='ocr_par' dir='ltr' id='par_1_2' title="bbox 455 1895 1284 4733">
     <span class='ocr_line' id='line_1_2' title="bbox 485 1895 1225 1976; baseline -0.001 -21"><span class='ocrx_word' id='word_1_4' title='bbox 485 1898 534 1965; x_wconf 86' lang='lat' dir='ltr'>Et,</span> <span class='ocrx_word' id='word_1_5' title='bbox 553 1915 612 1972; x_wconf 93' lang='lat' dir='ltr'>quo</span> <span class='ocrx_word' id='word_1_6' title='bbox 624 1895 677 1954; x_wconf 90' lang='lat' dir='ltr'>sub</span> <span class='ocrx_word' id='word_1_7' title='bbox 689 1898 762 1956; x_wconf 88' lang='lat' dir='ltr'>coelo</span> <span class='ocrx_word' id='word_1_8' title='bbox 775 1901 901 1968; x_wconf 84' lang='lat' dir='ltr'>tandem,</span> <span class='ocrx_word' id='word_1_9' title='bbox 918 1898 1023 1976; x_wconf 86' lang='lat' dir='ltr'>quibus</span> <span class='ocrx_word' id='word_1_10' title='bbox 1035 1895 1112 1956; x_wconf 87' lang='lat' dir='ltr'>orbis</span> <span class='ocrx_word' id='word_1_11' title='bbox 1124 1897 1155 1954; x_wconf 90' lang='lat' dir='ltr'>in</span> <span class='ocrx_word' id='word_1_12' title='bbox 1168 1897 1225 1955; x_wconf 89' lang='lat' dir='ltr'>oris</span> 
     </span>
     <span class='ocr_line' id='line_1_3' title="bbox 465 1999 1284 2078; baseline 0.002 -22"><span class='ocrx_word' id='word_1_13' title='bbox 465 1999 639 2076; x_wconf 62' lang='lat' dir='ltr'>‘Jadiemun</span> <span class='ocrx_word' id='word_1_14' title='bbox 659 2001 768 2060; x_wconf 87' lang='lat' dir='ltr'>doceas.</span> <span class='ocrx_word' id='word_1_15' title='bbox 799 2003 896 2078; x_wconf 87' lang='lat' dir='ltr'>Ignari</span> <span class='ocrx_word' id='word_1_16' title='bbox 909 2001 1128 2077; x_wconf 87' lang='lat' dir='ltr'>hominumque,</span> <span class='ocrx_word' id='word_1_17' title='bbox 1140 2001 1284 2059; x_wconf 89' lang='lat' dir='ltr'>locorum·</span> 
     </span>
     <span class='ocr_line' id='line_1_4' title="bbox 563 2121 629 2177; baseline 0.015 -19"><span class='ocrx_word' id='word_1_18' title='bbox 563 2121 629 2177; x_wconf 90' lang='lat' dir='ltr'>que,</span> 
     </span>
     <span class='ocr_line' id='line_1_5' title="bbox 484 2203 1171 2279; baseline 0.001 -19"><span class='ocrx_word' id='word_1_19' title='bbox 484 2203 628 2273; x_wconf 81' lang='lat' dir='ltr'>Erramus,</span> <span class='ocrx_word' id='word_1_20' title='bbox 647 2215 734 2263; x_wconf 85' lang='lat' dir='ltr'>vento</span> <span class='ocrx_word' id='word_1_21' title='bbox 747 2205 805 2279; x_wconf 85' lang='lat' dir='ltr'>huc</span> <span class='ocrx_word' id='word_1_22' title='bbox 817 2215 847 2263; x_wconf 91' lang='lat' dir='ltr'>et</span> <span class='ocrx_word' id='word_1_23' title='bbox 860 2205 942 2263; x_wconf 85' lang='lat' dir='ltr'>vastis</span> <span class='ocrx_word' id='word_1_24' title='bbox 954 2205 1089 2263; x_wconf 69' lang='lat' dir='ltr'>fluetibus</span> <span class='ocrx_word' id='word_1_25' title='bbox 1101 2203 1171 2262; x_wconf 69' lang='lat' dir='ltr'>aei:</span> 
     </span>
     <span class='ocr_line' id='line_1_6' title="bbox 484 2304 1230 2366; baseline 0.001 -4"><span class='ocrx_word' id='word_1_26' title='bbox 484 2304 582 2363; x_wconf 87' lang='lat' dir='ltr'>Multa</span> <span class='ocrx_word' id='word_1_27' title='bbox 597 2305 650 2364; x_wconf 86' lang='lat' dir='ltr'>tibi</span> <span class='ocrx_word' id='word_1_28' title='bbox 664 2317 731 2365; x_wconf 81' lang='lat' dir='ltr'>ante</span> <span class='ocrx_word' id='word_1_29' title='bbox 743 2320 803 2365; x_wconf 88' lang='lat' dir='ltr'>aras</span> <span class='ocrx_word' id='word_1_30' title='bbox 817 2308 909 2366; x_wconf 72' lang='lat' dir='ltr'>nostra</span> <span class='ocrx_word' id='word_1_31' title='bbox 922 2309 1006 2365; x_wconf 91' lang='lat' dir='ltr'>cadet</span> <span class='ocrx_word' id='word_1_32' title='bbox 1019 2306 1108 2365; x_wconf 85' lang='lat' dir='ltr'>hostia</span> <span class='ocrx_word' id='word_1_33' title='bbox 1121 2305 1230 2364; x_wconf 66' lang='lat' dir='ltr'>dextri.</span> 
     </span>
     <span class='ocr_line' id='line_1_7' title="bbox 521 2408 1282 2486; baseline 0.001 -21"><span class='ocrx_word' id='word_1_34' title='bbox 521 2408 723 2466; x_wconf 90' lang='lat' dir='ltr'>TumVenus:</span> <span class='ocrx_word' id='word_1_35' title='bbox 746 2411 835 2467; x_wconf 84' lang='lat' dir='ltr'>Haud</span> <span class='ocrx_word' id='word_1_36' title='bbox 845 2409 980 2486; x_wconf 85' lang='lat' dir='ltr'>equidem</span> <span class='ocrx_word' id='word_1_37' title='bbox 993 2409 1043 2467; x_wconf 88' lang='lat' dir='ltr'>tali</span> <span class='ocrx_word' id='word_1_38' title='bbox 1056 2427 1103 2466; x_wconf 87' lang='lat' dir='ltr'>me</span> <span class='ocrx_word' id='word_1_39' title='bbox 1113 2409 1218 2485; x_wconf 81' lang='lat' dir='ltr'><strong>dignor</strong></span> <span class='ocrx_word' id='word_1_40' title='bbox 1230 2408 1282 2466; x_wconf 92' lang='lat' dir='ltr'>ho·</span> 
     </span>
     <span class='ocr_line' id='line_1_8' title="bbox 600 2530 764 2572; baseline 0.024 -4"><span class='ocrx_word' id='word_1_41' title='bbox 600 2530 683 2570; x_wconf 88' lang='lat' dir='ltr'>nore:</span> <span class='ocrx_word' id='word_1_42' title='bbox 760 2562 764 2572; x_wconf 93' lang='lat'>.</span> 
     </span>
     <span class='ocr_line' id='line_1_9' title="bbox 483 2610 1196 2691; baseline 0.006 -23"><span class='ocrx_word' id='word_1_43' title='bbox 483 2610 654 2688; x_wconf 83' lang='lat' dir='ltr'>Virginibus</span> <span class='ocrx_word' id='word_1_44' title='bbox 666 2613 762 2690; x_wconf 85' lang='lat' dir='ltr'>Tyriis</span> <span class='ocrx_word' id='word_1_45' title='bbox 775 2632 838 2671; x_wconf 89' lang='lat' dir='ltr'>mos</span> <span class='ocrx_word' id='word_1_46' title='bbox 850 2614 890 2671; x_wconf 87' lang='lat' dir='ltr'>est</span> <span class='ocrx_word' id='word_1_47' title='bbox 903 2615 1012 2691; x_wconf 84' lang='lat' dir='ltr'>gestare</span> <span class='ocrx_word' id='word_1_48' title='bbox 1023 2613 1196 2691; x_wconf 81' lang='lat' dir='ltr'>pharetram,</span> 
     </span>
     <span class='ocr_line' id='line_1_10' title="bbox 482 2714 1132 2790; baseline 0.002 -19"><span class='ocrx_word' id='word_1_49' title='bbox 482 2715 686 2790; x_wconf 89' lang='lat' dir='ltr'>Purpureoque</span> <span class='ocrx_word' id='word_1_50' title='bbox 698 2716 756 2773; x_wconf 87' lang='lat' dir='ltr'>alte</span> <span class='ocrx_word' id='word_1_51' title='bbox 769 2714 844 2774; x_wconf 86' lang='lat' dir='ltr'>suras</span> <span class='ocrx_word' id='word_1_52' title='bbox 857 2715 968 2773; x_wconf 87' lang='lat' dir='ltr'>vincire</span> <span class='ocrx_word' id='word_1_53' title='bbox 981 2715 1132 2773; x_wconf 91' lang='lat' dir='ltr'>cothurno.</span> 
     </span>
     <span class='ocr_line' id='line_1_11' title="bbox 455 2803 1263 2895; baseline 0.004 -22"><span class='ocrx_word' id='word_1_54' title='bbox 455 2803 470 2874; x_wconf 41' lang='lat'>¹.</span> <span class='ocrx_word' id='word_1_55' title='bbox 483 2816 590 2873; x_wconf 90' lang='lat' dir='ltr'>Punica</span> <span class='ocrx_word' id='word_1_56' title='bbox 604 2834 691 2893; x_wconf 88' lang='lat' dir='ltr'>regna</span> <span class='ocrx_word' id='word_1_57' title='bbox 706 2817 795 2885; x_wconf 79' lang='lat' dir='ltr'>videa,</span> <span class='ocrx_word' id='word_1_58' title='bbox 814 2817 927 2892; x_wconf 88' lang='lat' dir='ltr'>Tyrios,</span> <span class='ocrx_word' id='word_1_59' title='bbox 946 2827 976 2876; x_wconf 90' lang='lat' dir='ltr'>et</span> <span class='ocrx_word' id='word_1_60' title='bbox 989 2819 1132 2895; x_wconf 76' lang='lat' dir='ltr'>Agenoris</span> <span class='ocrx_word' id='word_1_61' title='bbox 1145 2819 1246 2876; x_wconf 87' lang='lat' dir='ltr'>urbem</span> <span class='ocrx_word' id='word_1_62' title='bbox 1254 2841 1263 2889; x_wconf 81' lang='lat'><em>3</em></span> 
     </span>
     <span class='ocr_line' id='line_1_12' title="bbox 482 2917 1147 2996; baseline 0.005 -21"><span class='ocrx_word' id='word_1_63' title='bbox 482 2917 539 2976; x_wconf 87' lang='lat' dir='ltr'>Sed</span> <span class='ocrx_word' id='word_1_64' title='bbox 551 2918 622 2976; x_wconf 86' lang='lat' dir='ltr'>fines</span> <span class='ocrx_word' id='word_1_65' title='bbox 635 2917 748 2995; x_wconf 84' lang='lat' dir='ltr'>Libyci,</span> <span class='ocrx_word' id='word_1_66' title='bbox 768 2938 858 2996; x_wconf 91' lang='lat' dir='ltr'>genus</span> <span class='ocrx_word' id='word_1_67' title='bbox 871 2920 1050 2978; x_wconf 72' lang='lat' dir='ltr'>intradtabile</span> <span class='ocrx_word' id='word_1_68' title='bbox 1062 2920 1147 2978; x_wconf 89' lang='lat' dir='ltr'>bello.</span> 
     </span>
     <span class='ocr_line' id='line_1_13' title="bbox 481 3021 1153 3100; baseline 0.004 -22"><span class='ocrx_word' id='word_1_69' title='bbox 481 3021 642 3098; x_wconf 84' lang='lat' dir='ltr'>Imperium</span> <span class='ocrx_word' id='word_1_70' title='bbox 654 3022 732 3080; x_wconf 90' lang='lat' dir='ltr'>Dido</span> <span class='ocrx_word' id='word_1_71' title='bbox 744 3021 833 3098; x_wconf 73' lang='lat' dir='ltr'>Tyrii</span> <span class='ocrx_word' id='word_1_72' title='bbox 846 3023 922 3098; x_wconf 87' lang='lat' dir='ltr'>regit</span> <span class='ocrx_word' id='word_1_73' title='bbox 935 3024 1006 3080; x_wconf 88' lang='lat' dir='ltr'>urbe</span> <span class='ocrx_word' id='word_1_74' title='bbox 1018 3024 1153 3100; x_wconf 72' lang='lat' dir='ltr'>profetia,</span> 
     </span>
     <span class='ocr_line' id='line_1_14' title="bbox 481 3123 1234 3202; baseline 0.004 -22"><span class='ocrx_word' id='word_1_75' title='bbox 481 3124 660 3181; x_wconf 87' lang='lat' dir='ltr'>Germanum</span> <span class='ocrx_word' id='word_1_76' title='bbox 672 3123 797 3200; x_wconf 80' lang='lat' dir='ltr'>fugiens.</span> <span class='ocrx_word' id='word_1_77' title='bbox 838 3126 939 3201; x_wconf 90' lang='lat' dir='ltr'>Longa</span> <span class='ocrx_word' id='word_1_78' title='bbox 952 3125 993 3182; x_wconf 84' lang='lat' dir='ltr'>est</span> <span class='ocrx_word' id='word_1_79' title='bbox 1005 3123 1119 3201; x_wconf 90' lang='lat' dir='ltr'>injuria,</span> <span class='ocrx_word' id='word_1_80' title='bbox 1138 3125 1234 3202; x_wconf 80' lang='lat' dir='ltr'>longae</span> 
     </span>
     <span class='ocr_line' id='line_1_15' title="bbox 480 3226 1195 3305; baseline 0.003 -22"><span class='ocrx_word' id='word_1_81' title='bbox 480 3227 642 3302; x_wconf 79' lang='lat' dir='ltr'>Ambages3</span> <span class='ocrx_word' id='word_1_82' title='bbox 664 3226 712 3283; x_wconf 89' lang='lat' dir='ltr'>sed</span> <span class='ocrx_word' id='word_1_83' title='bbox 726 3226 837 3283; x_wconf 90' lang='lat' dir='ltr'>summa</span> <span class='ocrx_word' id='word_1_84' title='bbox 850 3226 953 3302; x_wconf 88' lang='lat' dir='ltr'>sequar</span> <span class='ocrx_word' id='word_1_85' title='bbox 965 3227 1078 3305; x_wconf 87' lang='lat' dir='ltr'>fastigia</span> <span class='ocrx_word' id='word_1_86' title='bbox 1091 3245 1195 3285; x_wconf 88' lang='lat' dir='ltr'>rerum.</span> 
     </span>
     <span class='ocr_line' id='line_1_16' title="bbox 481 3308 1234 3405; baseline 0.001 -19"><span class='ocrx_word' id='word_1_87' title='bbox 481 3325 562 3387; x_wconf 85' lang='lat' dir='ltr'>Huic</span> <span class='ocrx_word' id='word_1_88' title='bbox 574 3327 701 3404; x_wconf 83' lang='lat' dir='ltr'>conjunx</span> <span class='ocrx_word' id='word_1_89' title='bbox 715 3328 847 3405; x_wconf 83' lang='lat' dir='ltr'>Syehreus</span> <span class='ocrx_word' id='word_1_90' title='bbox 860 3339 930 3397; x_wconf 87' lang='lat' dir='ltr'>erat,</span> <span class='ocrx_word' id='word_1_91' title='bbox 951 3328 1103 3387; x_wconf 88' lang='lat' dir='ltr'>ditiffimus</span> <span class='ocrx_word' id='word_1_92' title='bbox 1115 3329 1178 3405; x_wconf 87' lang='lat' dir='ltr'>agri</span> <span class='ocrx_word' id='word_1_93' title='bbox 1224 3308 1234 3330; x_wconf 66' lang='lat'><strong><em>⁹</em></strong></span> 
     </span>
     <span class='ocr_line' id='line_1_17' title="bbox 481 3429 1208 3507; baseline -0.001 -18"><span class='ocrx_word' id='word_1_94' title='bbox 481 3431 661 3499; x_wconf 87' lang='lat' dir='ltr'>Phoenicum,</span> <span class='ocrx_word' id='word_1_95' title='bbox 681 3440 711 3488; x_wconf 92' lang='lat' dir='ltr'>et</span> <span class='ocrx_word' id='word_1_96' title='bbox 724 3449 830 3507; x_wconf 91' lang='lat' dir='ltr'>magno</span> <span class='ocrx_word' id='word_1_97' title='bbox 844 3429 953 3487; x_wconf 85' lang='lat' dir='ltr'>miserae</span> <span class='ocrx_word' id='word_1_98' title='bbox 966 3430 1084 3489; x_wconf 73' lang='lat' dir='ltr'>diledlus</span> <span class='ocrx_word' id='word_1_99' title='bbox 1097 3449 1208 3501; x_wconf 88' lang='lat' dir='ltr'>amore;</span> 
     </span>
     <span class='ocr_line' id='line_1_18' title="bbox 481 3532 1224 3611; baseline 0.001 -20"><span class='ocrx_word' id='word_1_100' title='bbox 481 3534 538 3591; x_wconf 93' lang='lat' dir='ltr'>Cui</span> <span class='ocrx_word' id='word_1_101' title='bbox 551 3544 632 3611; x_wconf 89' lang='lat' dir='ltr'>pater</span> <span class='ocrx_word' id='word_1_102' title='bbox 643 3534 780 3591; x_wconf 74' lang='lat' dir='ltr'>intadiam</span> <span class='ocrx_word' id='word_1_103' title='bbox 794 3533 919 3601; x_wconf 83' lang='lat' dir='ltr'>dederat,</span> <span class='ocrx_word' id='word_1_104' title='bbox 940 3533 1098 3609; x_wconf 88' lang='lat' dir='ltr'>primisque</span> <span class='ocrx_word' id='word_1_105' title='bbox 1106 3532 1224 3610; x_wconf 76' lang='lat' dir='ltr'>jugaret</span> 
     </span>
     <span class='ocr_line' id='line_1_19' title="bbox 479 3637 1212 3712; baseline -0.001 -17"><span class='ocrx_word' id='word_1_106' title='bbox 479 3637 651 3695; x_wconf 85' lang='lat' dir='ltr'>Ominibus:</span> <span class='ocrx_word' id='word_1_107' title='bbox 674 3637 721 3694; x_wconf 92' lang='lat' dir='ltr'>sed</span> <span class='ocrx_word' id='word_1_108' title='bbox 737 3655 825 3712; x_wconf 88' lang='lat' dir='ltr'>regna</span> <span class='ocrx_word' id='word_1_109' title='bbox 837 3637 910 3712; x_wconf 87' lang='lat' dir='ltr'>Tyri</span> <span class='ocrx_word' id='word_1_110' title='bbox 924 3655 1075 3712; x_wconf 88' lang='lat' dir='ltr'>germanus</span> <span class='ocrx_word' id='word_1_111' title='bbox 1087 3637 1212 3695; x_wconf 88' lang='lat' dir='ltr'>habebat</span> 
     </span>
     <span class='ocr_line' id='line_1_20' title="bbox 480 3738 1221 3816; baseline -0.001 -19"><span class='ocrx_word' id='word_1_112' title='bbox 480 3739 659 3816; x_wconf 87' lang='lat' dir='ltr'>Pygmalion,</span> <span class='ocrx_word' id='word_1_113' title='bbox 680 3739 785 3796; x_wconf 88' lang='lat' dir='ltr'>scelere</span> <span class='ocrx_word' id='word_1_114' title='bbox 798 3747 864 3796; x_wconf 89' lang='lat' dir='ltr'>ante</span> <span class='ocrx_word' id='word_1_115' title='bbox 878 3739 947 3796; x_wconf 91' lang='lat' dir='ltr'>alios</span> <span class='ocrx_word' id='word_1_116' title='bbox 959 3738 1106 3796; x_wconf 84' lang='lat' dir='ltr'>inmanior</span> <span class='ocrx_word' id='word_1_117' title='bbox 1118 3739 1221 3808; x_wconf 89' lang='lat' dir='ltr'>omnis,</span> 
     </span>
     <span class='ocr_line' id='line_1_21' title="bbox 481 3826 1242 3918; baseline 0.003 -20"><span class='ocrx_word' id='word_1_118' title='bbox 481 3840 564 3898; x_wconf 78' lang='lat' dir='ltr'>Quos</span> <span class='ocrx_word' id='word_1_119' title='bbox 576 3841 652 3898; x_wconf 91' lang='lat' dir='ltr'>inter</span> <span class='ocrx_word' id='word_1_120' title='bbox 664 3841 777 3898; x_wconf 86' lang='lat' dir='ltr'>medius</span> <span class='ocrx_word' id='word_1_121' title='bbox 790 3841 870 3898; x_wconf 87' lang='lat' dir='ltr'>venit</span> <span class='ocrx_word' id='word_1_122' title='bbox 884 3826 982 3898; x_wconf 80' lang='lat' dir='ltr'>Furor.</span> <span class='ocrx_word' id='word_1_123' title='bbox 1022 3843 1034 3898; x_wconf 99' lang='grc'><strong>1</strong></span> <span class='ocrx_word' id='word_1_124' title='bbox 1039 3840 1076 3898; x_wconf 88' lang='lat' dir='ltr'>lle</span> <span class='ocrx_word' id='word_1_125' title='bbox 1090 3842 1242 3918; x_wconf 82' lang='lat' dir='ltr'>Sychaeum</span> 
     </span>
     <span class='ocr_line' id='line_1_22' title="bbox 479 3942 1149 4018; baseline 0.004 -20"><span class='ocrx_word' id='word_1_126' title='bbox 479 3942 580 4018; x_wconf 83' lang='lat' dir='ltr'>Inpius</span> <span class='ocrx_word' id='word_1_127' title='bbox 593 3954 660 4000; x_wconf 85' lang='lat' dir='ltr'>aute</span> <span class='ocrx_word' id='word_1_128' title='bbox 673 3962 743 4011; x_wconf 89' lang='lat' dir='ltr'>aras,</span> <span class='ocrx_word' id='word_1_129' title='bbox 763 3953 850 4018; x_wconf 88' lang='lat' dir='ltr'>atque</span> <span class='ocrx_word' id='word_1_130' title='bbox 862 3942 926 4000; x_wconf 91' lang='lat' dir='ltr'>auri</span> <span class='ocrx_word' id='word_1_131' title='bbox 940 3962 1031 4001; x_wconf 77' lang='lat' dir='ltr'>urceus</span> <span class='ocrx_word' id='word_1_132' title='bbox 1044 3962 1149 4012; x_wconf 89' lang='lat' dir='ltr'>amore,</span> 
     </span>
     <span class='ocr_line' id='line_1_23' title="bbox 479 4044 1228 4120; baseline 0.007 -20"><span class='ocrx_word' id='word_1_133' title='bbox 479 4044 563 4101; x_wconf 89' lang='lat' dir='ltr'>Clam</span> <span class='ocrx_word' id='word_1_134' title='bbox 576 4044 651 4102; x_wconf 90' lang='lat' dir='ltr'>ferro</span> <span class='ocrx_word' id='word_1_135' title='bbox 663 4044 813 4102; x_wconf 89' lang='lat' dir='ltr'>incautum</span> <span class='ocrx_word' id='word_1_136' title='bbox 827 4044 949 4120; x_wconf 86' lang='lat' dir='ltr'>superat,</span> <span class='ocrx_word' id='word_1_137' title='bbox 971 4044 1084 4102; x_wconf 85' lang='lat' dir='ltr'>securus</span> <span class='ocrx_word' id='word_1_138' title='bbox 1096 4064 1228 4105; x_wconf 89' lang='lat' dir='ltr'>amorum</span> 
     </span>
     <span class='ocr_line' id='line_1_24' title="bbox 477 4145 1211 4225; baseline 0.004 -22"><span class='ocrx_word' id='word_1_139' title='bbox 477 4145 646 4203; x_wconf 79' lang='lat' dir='ltr'>Germanae:</span> <span class='ocrx_word' id='word_1_140' title='bbox 669 4147 835 4220; x_wconf 77' lang='lat' dir='ltr'>sadtumque</span> <span class='ocrx_word' id='word_1_141' title='bbox 848 4146 900 4202; x_wconf 92' lang='lat' dir='ltr'>diu</span> <span class='ocrx_word' id='word_1_142' title='bbox 914 4146 1029 4216; x_wconf 76' lang='lat' dir='ltr'>celarit,</span> <span class='ocrx_word' id='word_1_143' title='bbox 1050 4157 1080 4205; x_wconf 90' lang='lat' dir='ltr'>et</span> <span class='ocrx_word' id='word_1_144' title='bbox 1093 4167 1211 4225; x_wconf 81' lang='lat' dir='ltr'>aegram,</span> 
     </span>
     <span class='ocr_line' id='line_1_25' title="bbox 476 4247 1238 4326; baseline 0.009 -20"><span class='ocrx_word' id='word_1_145' title='bbox 476 4247 575 4306; x_wconf 86' lang='lat' dir='ltr'>Multa</span> <span class='ocrx_word' id='word_1_146' title='bbox 588 4247 680 4305; x_wconf 88' lang='lat' dir='ltr'>malus</span> <span class='ocrx_word' id='word_1_147' title='bbox 694 4247 835 4317; x_wconf 87' lang='lat' dir='ltr'>fimulans,</span> <span class='ocrx_word' id='word_1_148' title='bbox 856 4249 929 4306; x_wconf 74' lang='lat' dir='ltr'>vana</span> <span class='ocrx_word' id='word_1_149' title='bbox 942 4249 990 4326; x_wconf 89' lang='lat' dir='ltr'>spe</span> <span class='ocrx_word' id='word_1_150' title='bbox 1004 4249 1069 4308; x_wconf 79' lang='lat' dir='ltr'>lusit</span> <span class='ocrx_word' id='word_1_151' title='bbox 1083 4264 1238 4312; x_wconf 86' lang='lat' dir='ltr'>amantem.</span> 
     </span>
     <span class='ocr_line' id='line_1_26' title="bbox 476 4349 1127 4431; baseline 0.006 -23"><span class='ocrx_word' id='word_1_152' title='bbox 476 4349 540 4426; x_wconf 88' lang='lat' dir='ltr'>Ipsa</span> <span class='ocrx_word' id='word_1_153' title='bbox 554 4350 645 4408; x_wconf 89' lang='lat' dir='ltr'>sedin</span> <span class='ocrx_word' id='word_1_154' title='bbox 660 4349 764 4407; x_wconf 90' lang='lat' dir='ltr'>somnis</span> <span class='ocrx_word' id='word_1_155' title='bbox 777 4350 923 4407; x_wconf 90' lang='lat' dir='ltr'>inhumati</span> <span class='ocrx_word' id='word_1_156' title='bbox 937 4352 1017 4409; x_wconf 87' lang='lat' dir='ltr'>venit</span> <span class='ocrx_word' id='word_1_157' title='bbox 1030 4354 1127 4431; x_wconf 87' lang='lat' dir='ltr'>imago</span> 
     </span>
     <span class='ocr_line' id='line_1_27' title="bbox 475 4450 1184 4530; baseline 0.007 -20"><span class='ocrx_word' id='word_1_158' title='bbox 475 4450 631 4529; x_wconf 87' lang='lat' dir='ltr'>Conjugis:</span> <span class='ocrx_word' id='word_1_159' title='bbox 653 4470 701 4509; x_wconf 91' lang='lat' dir='ltr'>ora</span> <span class='ocrx_word' id='word_1_160' title='bbox 715 4451 806 4509; x_wconf 90' lang='lat' dir='ltr'>modis</span> <span class='ocrx_word' id='word_1_161' title='bbox 819 4452 960 4510; x_wconf 85' lang='lat' dir='ltr'>adtollens</span> <span class='ocrx_word' id='word_1_162' title='bbox 972 4454 1080 4530; x_wconf 89' lang='lat' dir='ltr'>pallida</span> <span class='ocrx_word' id='word_1_163' title='bbox 1093 4457 1184 4529; x_wconf 90' lang='lat' dir='ltr'>miris,</span> 
     </span>
     <span class='ocr_line' id='line_1_28' title="bbox 475 4551 1107 4632; baseline 0.005 -20"><span class='ocrx_word' id='word_1_164' title='bbox 475 4555 608 4612; x_wconf 88' lang='lat' dir='ltr'>Crudelis</span> <span class='ocrx_word' id='word_1_165' title='bbox 619 4572 689 4623; x_wconf 87' lang='lat' dir='ltr'>aras,</span> <span class='ocrx_word' id='word_1_166' title='bbox 709 4551 881 4631; x_wconf 71' lang='lat' dir='ltr'>trajedlaque</span> <span class='ocrx_word' id='word_1_167' title='bbox 893 4556 1006 4632; x_wconf 67' lang='lat' dir='ltr'>pedora</span> <span class='ocrx_word' id='word_1_168' title='bbox 1020 4557 1107 4626; x_wconf 88' lang='lat' dir='ltr'>ferro,</span> 
     </span>
     <span class='ocr_line' id='line_1_29' title="bbox 474 4656 1255 4733; baseline 0.008 -17"><span class='ocrx_word' id='word_1_169' title='bbox 474 4657 620 4730; x_wconf 74' lang='lat' dir='ltr'>Nudavit3</span> <span class='ocrx_word' id='word_1_170' title='bbox 642 4656 806 4733; x_wconf 83' lang='lat' dir='ltr'>caecumque</span> <span class='ocrx_word' id='word_1_171' title='bbox 818 4657 921 4715; x_wconf 75' lang='lat' dir='ltr'>domus</span> <span class='ocrx_word' id='word_1_172' title='bbox 934 4657 1023 4716; x_wconf 88' lang='lat' dir='ltr'>scelus</span> <span class='ocrx_word' id='word_1_173' title='bbox 1038 4678 1125 4719; x_wconf 91' lang='lat' dir='ltr'>omne</span> <span class='ocrx_word' id='word_1_174' title='bbox 1139 4663 1255 4721; x_wconf 82' lang='lat' dir='ltr'>retexit.</span> 
     </span>
    </p>
   </div>
   <div class='ocr_carea' id='block_1_3' title="bbox 0 0 1750 6884">
    <p class='ocr_par' dir='ltr' id='par_1_3' title="bbox 0 0 1750 6884">
     <span class='ocr_line' id='line_1_30' title="bbox 0 0 1750 6884; baseline 0 6"><span class='ocrx_word' id='word_1_175' title='bbox 0 0 1750 6884; x_wconf 95' lang='lat' dir='ltr'> </span> 
     </span>
    </p>
   </div>
  </div>
 </body>
</html>
