3492 6884
676 1789 902 1850 ECLOGA
940 1792 993 1849 VI.
1200 1797 1236 1850 21

685 2170 910 2229 ECLOGA
947 2171 1001 2229 VI.

745 2372 948 2424 SILENUS.

447 2538 547 2598 Pnrnn
562 2542 704 2617 Syracofio
717 2544 834 2620 dignata
848 2545 888 2602 est
900 2545 997 2601 ludere
1009 2542 1091 2599 versu

446 2640 556 2711 Nostra,
576 2662 630 2701 nec
643 2647 757 2703 erubuit
770 2647 850 2704 silvas
863 2645 1001 2709 habitare,
1021 2642 1134 2700 Thalia.
1236 2712 1238 2715 Α
1317 2680 1320 2685 -

447 2744 547 2800 Quum
561 2763 692 2803 canerem
705 2766 786 2823 reges
799 2757 828 2805 et
841 2748 951 2823 proelia,
971 2745 1115 2821 Cynthius
1127 2761 1226 2800 aurem

445 2844 544 2912 Vellit,
564 2857 594 2902 et
606 2848 769 2905 admonuit:
792 2849 941 2917 Pastorem,
960 2848 1071 2923 Tityre,
1090 2844 1207 2922 pinguia

445 2946 558 3003 Pascere
571 2959 682 3024 oportet
695 2950 765 3019 ovis,
785 2952 940 3008 deduotum
953 2949 1047 3006 dicere
1060 2964 1185 3005 cannen.

444 3046 618 3125 Nunqregm
647 3049 773 3126 namque'
789 3052 872 3129 super
890 3050 945 3110 tibi
962 3059 1055 3119 erunt,
1074 3049 1125 3125 qui
1145 3048 1238 3107 diotre

522 3149 628 3218 laudea,

444 3249 528 3317 Vare,
549 3260 611 3308 tuas
622 3253 749 3328 cupiant,
769 3263 799 3311 et
812 3253 900 3311 tristia
913 3256 1035 3311 condere
1048 3252 1138 3321 bella;

443 3351 595 3427 Agrestem
609 3354 687 3409 tenui
701 3356 859 3411 meditabor
872 3355 1010 3411 arundine
1023 3354 1148 3410 Musam.
1217 3354 1221 3365 '

443 3454 513 3510 Non
527 3450 627 3527 injussa
640 3471 720 3509 cano.
761 3453 866 3527 siquis
886 3464 982 3510 tamen
1002 3445 1204 3528 haecquoqnes
1217 3454 1239 3509 fi

523 3553 606 3629 quin

443 3657 553 3732 Captus
565 3674 671 3723 amore,
691 3656 782 3731 leget;
804 3664 833 3711 te
846 3654 955 3722 nostrae,
975 3654 1060 3723 vare,
1080 3653 1206 3729 myrine,

441 3758 485 3814 Te
500 3775 600 3814 nemus
606 3774 691 3817 omne
699 3766 796 3825 canet3
818 3774 872 3812 nec
886 3756 992 3814 Phoebo
1003 3755 1110 3832 gratior
1120 3756 1178 3813 ulla
1189 3756 1238 3826 est,

445 3859 542 3915 Quam
555 3857 607 3915 fibi
619 3876 684 3933 quae
696 3857 767 3915 Vari
776 3856 944 3934 praescripfit
957 3858 1062 3933 pagina
1075 3875 1191 3915 nornen.

482 3959 605 4035 Pergite,
619 3959 750 4016 Pierides.
779 3958 913 4016 Chromis
920 3969 949 4016 et
958 3960 1239 4035 Mnasylosinantro

443 4061 572 4117 Silenum
584 4061 665 4135 pueri
679 4060 778 4118 somno
789 4060 886 4118 videre
894 4060 1048 4136 jacentem,

442 4161 580 4219 Inflatum
592 4141 720 4218 histemo
733 4180 828 4229 venas,
846 4173 881 4218 ut
894 4161 1012 4238 semper,
1026 4164 1145 4221 Iaccho:

443 4264 521 4321 Serta
533 4263 642 4339 procul,
664 4272 777 4320 tanturn
789 4264 878 4339 capiti
891 4264 1011 4339 delapsa,
1028 4262 1162 4339 jacebant
1166 4290 1177 4338 3

442 4366 480 4422 Et
493 4364 586 4441 gravis
598 4364 702 4421 adtrita
714 4366 857 4441 pendebat
866 4366 1018 4423 cantharus
1030 4366 1108 4423 ansa.

442 4466 573 4542 Adgreffi
595 4474 677 4540 (narn
690 4465 761 4542 saepe
774 4467 860 4523 senex
874 4465 921 4542 spe
935 4467 1069 4524 carminis
1081 4469 1166 4525 ambo

444 4568 577 4641 Luserat)
598 4567 731 4645 injiciunt
744 4568 809 4644 ipsis
821 4587 858 4624 ex
871 4568 985 4626 vincula
998 4568 1088 4625 sertis.

443 4669 536 4728 Addit
550 4668 579 4726 se
592 4668 706 4740 sociam,
726 4669 893 4744 timidisque
905 4669 1077 4747 supervenit,
1097 4670 1202 4747 AEgle5
