3492 6884
593 1729 653 1788 ²42
853 1717 1131 1790 AENEIDOS,
1287 1721 1411 1789 mm.

594 1881 729 1942 Vestrum
741 1880 796 1938 boe
808 1877 972 1957 eugenium,
980 1875 1128 1952 veiiruqne
1137 1872 1169 1934 in
1178 1869 1411 1950 nuntine'stoje

673 1983 722 2042 est.

596 2087 679 2146 cedo
689 2086 838 2162 equidem
860 2103 924 2154 nec,
944 2092 1020 2152 nate,
1040 2081 1096 2140 tibi
1107 2097 1202 2140 onmes
1210 2077 1253 2136 ire
1267 2075 1388 2138 mmo.

637 2190 760 2248 Dixerat
773 2189 834 2246 ille:
856 2199 886 2245 et
895 2187 956 2264 jam
970 2203 1022 2262 pen
1035 2183 1140 2244 moenin
1152 2181 1254 2242 dodon
1265 2179 1349 2258 ignia

598 2292 736 2361 Auditur,
755 2291 927 2369 propiusque
940 2289 1020 2348 aestue
1033 2287 1166 2346 incendia
1178 2285 1309 2344 volutent.

598 2397 676 2474 Ergo
689 2415 752 2472 age,
770 2414 835 2452 care
846 2377 938 2470 nater,
956 2390 1058 2450 cervici
1072 2391 1210 2466 inponere
1222 2385 1341 2458 nostrae3

600 2499 664 2576 Ipse
677 2497 777 2556 subibo
791 2495 927 2566 humetis,
948 2513 1001 2553 nec
1011 2512 1059 2552 me
1072 2493 1152 2551 labor
1164 2491 1215 2550 iste
1228 2488 1376 2568 gravabit.

601 2602 673 2659 Quo
686 2619 730 2658 res
746 2619 871 2675 cumque
891 2599 1005 2666 cadent,
1024 2615 1117 2654 unum
1132 2605 1162 2654 et
1178 2611 1336 2652 eommune
1351 2611 1409 2670 pe·

679 2703 792 2770 ficium,

602 2808 670 2866 Una
683 2805 766 2875 salus,
784 2807 923 2864 ambobus
935 2803 999 2863 erit.
1039 2801 1117 2860 Mihi
1129 2819 1230 2880 parvus
1240 2799 1324 2858 Iulus

603 2910 644 2968 Sit
657 2926 761 2976 eomes,
781 2917 811 2966 et
823 2908 911 2984 longe
925 2906 1013 2965 servet
1026 2904 1146 2981 vestigia
1158 2901 1294 2981 conjunx.

602 3013 672 3077 Vos,
692 3011 804 3078 famuli,
823 3029 889 3086 quae
901 3009 1006 3076 dicum,
1026 3007 1130 3066 animis
1142 3006 1282 3066 advertite
1295 3007 1407 3066 uessrie.

603 3114 652 3173 Est
664 3116 735 3172 urbe
748 3113 863 3190 egreffis
874 3113 1012 3180 tumulus,
1024 3111 1220 3188 templumque
1234 3108 1382 3168 vetustum

604 3217 731 3276 Desertae
744 3216 865 3284 Cereris,
880 3215 1020 3292 juxtaque
1033 3215 1148 3288 antiqua
1161 3212 1315 3290 cupreffun,

605 3320 758 3396 Religione
770 3329 884 3395 patsum
898 3319 1003 3376 multoe
1015 3315 1123 3374 seinata
1136 3333 1300 3393 perennes:

605 3425 691 3482 Hanc
705 3442 742 3480 ex
755 3420 865 3480 diverso
877 3421 973 3479 sedem
986 3420 1133 3478 veniemus
1146 3420 1178 3478 in
1190 3438 1288 3478 uuam.

605 3528 663 3596 Tu,
676 3526 799 3603 genitor,
813 3543 883 3602 cape
894 3524 969 3582 sacra
982 3542 1079 3593 manu,
1092 3523 1255 3600 patriosque
1267 3524 1406 3584 Penates:

606 3631 668 3699 Me,
689 3629 793 3688 beiloe
808 3638 889 3685 tauto
901 3626 1064 3704 digreisum,
1083 3637 1113 3684 et
1125 3627 1202 3684 coede
1215 3627 1334 3698 tenenti,

607 3734 775 3792 Adtreeinre
788 3731 882 3802 nesam
903 3732 993 3789 donec
1005 3748 1052 3788 me
1065 3729 1186 3788 flumine
1198 3729 1264 3789 vivo

607 3837 746 3896 Abluero.

647 3942 720 3997 Haec
734 3940 818 4006 sutus,
838 3939 909 3995 latos
922 3937 1065 4007 humeros,
1084 3936 1263 4014 subjeitaque
1275 3937 1358 4009 colla,

609 4042 694 4098 Veste
708 4041 800 4116 super,
820 4041 950 4116 fulvique
962 4039 1100 4099 insternor
1112 4041 1188 4116 pelle
1201 4039 1303 4111 leonia

610 4144 792 4218 Succedoque
805 4143 899 4201 oneri:
921 4146 1029 4201 dextrae
1042 4143 1071 4200 se
1084 4163 1185 4219 parvus
1198 4144 1276 4202 Iulus

610 4244 757 4322 inplicuit,
776 4244 959 4321 sequiturque
972 4257 1081 4323 patrem
1095 4265 1153 4304 non
1166 4246 1287 4324 paffibut
1300 4249 1406 4323 aequie:

611 4351 688 4408 Pone
701 4347 778 4406 subit
790 4346 926 4425 conjunx.
966 4350 1095 4408 Ferimur
1106 4369 1156 4427 per
1168 4369 1255 4427 opaea
1267 4351 1405 4411 looomm.

612 4455 651 4512 Et
662 4472 718 4521 me,
732 4471 819 4528 quem
832 4453 943 4510 dudum
956 4471 1014 4510 non
1027 4454 1086 4510 ulla
1100 4452 1202 4530 injciin
1214 4455 1369 4534 movebunt

611 4558 693 4626 Tela,
714 4575 806 4632 neque
818 4555 934 4613 adverso
944 4556 1094 4632 glomerati
1106 4576 1142 4613 ex
1155 4555 1270 4633 agmine
1282 4556 1375 4630 Graii,

613 4661 703 4720 Nunc
716 4679 815 4720 omnes
828 4670 934 4718 terrent
946 4677 1032 4730 atne,
1052 4658 1135 4719 sonus
1148 4659 1256 4719 excitat
1267 4659 1361 4721 omnin
