3492 6884
445 1801 473 1849 v.
487 1795 555 1863 773.
756 1793 852 1852 ΗΒ.
895 1793 934 1852 11.
1186 1796 1245 1849 24⁵

441 1944 523 2004 Tum
536 1945 574 2004 fic
586 1946 688 2018 adfari,
708 1958 738 2006 et
751 1968 833 2008 curae
845 1950 890 2008 his
902 1949 1017 2007 demere
1029 1946 1131 2006 dietis:

445 2049 529 2107 Quid
542 2059 656 2108 tantum
669 2050 769 2110 insano
777 2050 860 2129 juvat
872 2051 1022 2129 indulgere
1036 2047 1138 2118 dolori,

444 2150 473 2209 Ο
486 2150 577 2209 dulcis
589 2151 734 2229 conjunx?
756 2172 814 2212 non
827 2153 889 2211 haec
903 2153 961 2211 fine
976 2152 1094 2211 numine
1108 2151 1206 2209 divom

444 2252 607 2311 Eveniunt:
629 2266 731 2314 necte
750 2255 819 2314 hinc
837 2256 973 2318 comitem
991 2254 1132 2331 asportare
1152 2253 1243 2312 Creii·

522 2355 582 2414 sam

444 2457 497 2516 Fas
502 2482 511 2529 3
532 2469 582 2517 aut
595 2459 645 2517 ille
658 2460 723 2518 finit
737 2460 828 2539 superi
842 2469 977 2538 regnator
988 2457 1118 2536 Olympi.

443 2561 544 2637 tanga
563 2561 617 2620 nn
633 2541 791 2634 exsnufet
810 2562 920 2621 vastum
937 2561 1024 2620 marn
1043 2577 1141 2638 equor
1159 2577 1242 2618 aran·

521 2663 608 2720 dum:

444 2765 482 2823 Et
494 2775 599 2824 terram
613 2767 782 2844 Hesperiam
795 2767 907 2838 veniea;
928 2766 979 2825 nbi
993 2764 1110 2843 Lydius,
1131 2783 1198 2823 arva

443 2869 524 2927 Inter
536 2869 632 2946 opima
645 2870 750 2941 virum,
770 2870 828 2929 leni
841 2871 909 2929 fluit
921 2870 1037 2948 agmine
1049 2868 1185 2954 Thybrin.

442 2971 507 3029 illic
519 2989 564 3029 rea
575 2971 659 3042 laetae,
679 2991 867 3050 regnumque,
887 2982 917 3032 et
930 2973 1008 3050 regia
1021 2971 1148 3049 conjunx

439 3073 525 3133 Parta
538 3073 604 3133 tibi:
626 3074 756 3133 lacrimas
767 3075 879 3133 dileetae
892 3075 967 3152 pelle
980 3074 1104 3133 Creiisae.

440 3174 512 3237 Non
525 3195 580 3254 ego
593 3177 811 3255 Myrmidonum
825 3177 911 3247 sedes,
932 3177 1123 3254 Dolopumve,
1143 3176 1240 3254 super·

520 3281 570 3338 ban

441 3381 620 3460 Adspiciam‚
639 3392 690 3441 aut
702 3380 796 3441 Graiis
809 3381 945 3440 seruitum
958 3381 1097 3440 matribus
1108 3382 1167 3453 ibo,

440 3484 593 3554 Dardanis,
612 3494 642 3543 et
654 3484 728 3542 divae
740 3483 860 3542 Veneris
873 3503 975 3542 nurus:

440 3589 496 3646 Sed
508 3606 557 3646 me
570 3605 674 3664 magna
686 3587 773 3646 dedm
785 3584 927 3645 Genetrix
940 3587 983 3644 his
997 3585 1108 3646 detinet
1119 3586 1186 3645 orie.

439 3692 564 3769 Jamque
577 3689 649 3759 vale,
669 3699 699 3747 et
712 3690 771 3747 nati
785 3688 862 3747 serva
875 3688 1036 3746 communie
1049 3708 1184 3747 amorem.

439 3793 513 3853 Haec
530 3792 582 3851 ubi
599 3792 674 3850 dien
691 3791 781 3860 dedit,
801 3790 1008 3860 lacrimantem,
1027 3803 1058 3850 et
1076 3791 1167 3850 multa
1186 3811 1235 3850 vo·

515 3896 624 3954 lentem

439 3997 553 4068 Dicere,
573 3996 706 4067 deseruit,
726 3995 879 4073 tenuisque
891 3995 999 4054 reoessit
1012 3994 1043 4053 in
1057 4014 1149 4056 auras.

437 4101 497 4161 Ter
508 4109 627 4159 conatus
638 4098 681 4157 ibi
693 4097 769 4156 colio
780 4098 849 4156 dare
862 4097 977 4157 brachia
988 4098 1116 4170 circum;

436 4205 497 4265 Ter
508 4204 609 4264 frustra
621 4200 778 4282 conprensa
789 4220 890 4260 manus
902 4200 1006 4279 effugit
1015 4201 1121 4281 imago,

438 4309 491 4368 Par
503 4305 614 4367 levibns
626 4305 728 4374 ventis,
746 4303 913 4380 volucrique
926 4304 1070 4364 srmillima
1081 4305 1174 4368 fumo.

477 4412 524 4470 Sic
536 4411 655 4468 demum
668 4406 765 4475 socios,
785 4405 934 4464 consumti
947 4406 1039 4478 nodie,
1055 4408 1154 4467 reviso.

438 4514 537 4589 Atque
549 4511 598 4570 hic
611 4511 760 4587 ingentem
772 4508 913 4566 uomitum
931 4508 1080 4567 adfluxisse
1093 4528 1232 4569 novorum

436 4614 567 4684 Invenio,
578 4613 722 4672 admirans
735 4629 902 4680 numerum
921 4620 1082 4688 matresque
1092 4611 1233 4691 virosque,

436 4718 606 4783 Centenium
615 4714 716 4776 exsilio
726 4715 844 4793 pubem.
863 4712 1025 4774 miserabile
1037 4715 1147 4795 volgus.
