3492 6884
538 1782 574 1840 16
760 1778 1062 1848 lincolam,
1234 1787 1327 1839 ndo.

536 1932 660 2010 Adspice
672 1952 797 1993 convexo
808 1946 958 1994 nutantem
967 1937 1090 2013 pondere
1102 1933 1258 2001 mundum,

535 2036 703 2121 Terrasque,
710 2037 867 2113 tractusque
873 2039 967 2106 maris,
973 2038 1133 2112 coelumque
1138 2034 1325 2113 profundum:

537 2136 670 2213 Adspice,
690 2148 808 2196 venturo
820 2140 953 2197 laetantur
964 2150 997 2196 ut
1009 2139 1104 2197 omnia
1118 2139 1207 2195 saeclo.
1421 2140 1443 2179 θ

536 2237 565 2297 O
577 2239 650 2296 mihi
663 2251 726 2298 tum
738 2240 832 2317 longae
844 2251 957 2298 mancat
968 2260 1030 2317 pars
1042 2226 1143 2297 ultim'n
1156 2239 1232 2306 vitae,

536 2340 655 2417 Spiritus
668 2352 705 2408 et,
725 2352 865 2415 quantum
876 2342 916 2399 sat
929 2342 982 2398 erit
993 2353 1041 2399 tua
1054 2342 1147 2400 dicere
1157 2340 1248 2398 fastai

535 2443 605 2502 Non
619 2463 665 2502 me
677 2445 849 2502 carminibus
862 2445 966 2512 vincet,
979 2462 1032 2500 nec
1041 2443 1181 2500 Thracius
1189 2442 1329 2518 Orpheus,

536 2545 600 2603 Nec
612 2546 718 2617 Linus;
738 2545 807 2603 huic
819 2555 911 2604 mater
920 2545 1057 2620 quamvis,
1070 2555 1155 2619 atque
1167 2545 1233 2602 huic
1242 2556 1330 2620 pater,

614 2648 684 2705 adfit
691 2673 700 2718 3

536 2747 646 2825 Orphei
659 2749 814 2824 Calliopea,
834 2749 910 2807 Lino
922 2749 1057 2807 formosus
1070 2749 1184 2825 Apollo.

536 2851 595 2909 Pan
609 2851 704 2918 etiam,
724 2851 847 2909 Arcadii
859 2869 973 2908 mecum
986 2851 1006 2907 fi
1015 2849 1111 2926 judice
1123 2859 1220 2918 certet,

536 2952 595 3010 Pan
608 2951 694 3010 etiam
706 2950 832 3011 Arcadii
845 2951 921 3008 dicet
934 2950 961 3008 se
969 2949 1066 3027 judice
1077 2951 1193 3008 vietum.

575 3053 682 3129 Incipe,
701 3071 786 3129 parve
796 3071 875 3128 puer,
895 3051 950 3108 risu
963 3051 1130 3128 cognoscere
1140 3062 1276 3110 matrem:

537 3155 627 3212 Matri
639 3155 724 3230 longa
737 3155 835 3212 decem
848 3155 975 3211 tulerunt
987 3154 1096 3212 fastidia
1110 3156 1226 3214 menses.

536 3256 645 3332 Incipe,
664 3274 748 3333 parve
761 3274 848 3331 puer:
870 3255 917 3312 cni
930 3274 988 3312 non
1001 3255 1085 3313 risere
1097 3268 1234 3333 parentes,

537 3358 602 3416 Nec
614 3359 682 3416 deus
693 3358 770 3416 hunc
781 3355 887 3427 mensi,
907 3357 959 3414 dea
976 3375 1029 3414 nec
1041 3357 1158 3434 dignata
1171 3358 1260 3418 cubili
1272 3361 1320 3419 est.

782 3734 1009 3794 ECLOGA
1046 3736 1084 3794 V.

826 3968 1040 4021 DAPHNIS.

776 4163 948 4203 unumne.
970 4163 1097 4204 Moesus.

848 4377 1021 4416 rennuens.

540 4460 608 4516 Cur
617 4475 685 4526 non,
695 4457 804 4535 Mopse,
816 4460 886 4517 bo'ni
899 4459 1035 4534 quoniam
1045 4456 1330 4528 convenimusambo,

537 4563 585 4621 Tu
598 4562 719 4620 calamos
731 4561 831 4620 inflare
844 4562 923 4630 levis,
942 4580 997 4638 ego
1007 4561 1099 4619 dicere
1111 4559 1214 4628 versus,

532 4665 598 4757 'Hic
610 4664 712 4724 corulin
722 4663 826 4729 mixtas
839 4663 915 4724 inter
926 4662 1095 4723 confidimus
1107 4663 1199 4721 ulmos
1209 4664 1219 4718 ?
