3492 6884
558 1831 617 1884 20⁸
817 1823 1093 1893 AENEIDOS,
1202 1836 1204 1839 '
1248 1821 1359 1883 ιΰω.

560 1978 650 2049 Urbe,
671 1981 766 2048 domo,
787 1980 894 2053 sociae;
914 1946 1008 2061 grates
1019 1979 1177 2059 persolvere
1191 1978 1292 2056 dignae

560 2082 629 2141 Non
640 2083 702 2159 opis
711 2085 752 2142 est
761 2085 869 2154 nostrae,
882 2085 973 2144 Didol
989 2103 1043 2142 nec
1050 2081 1191 2160 quidquid
1200 2081 1309 2157 ubique
1318 2079 1359 2138 est

560 2184 662 2242 Gentis
676 2186 837 2255 Dardaniae,
853 2206 992 2264 magnum
1004 2206 1070 2262 qun
1082 2184 1172 2262 sparsa
1186 2202 1237 2260 per
1248 2185 1357 2240 orbem.

560 2286 601 2344 Di
615 2287 678 2356 tibi,
698 2288 717 2346 fi
731 2308 787 2364 qua
800 2288 862 2366 pios
876 2289 1033 2366 respedtant
1045 2286 1173 2356 numina,
1194 2284 1301 2360 fiquid

560 2389 690 2465 Usquam
700 2389 809 2467 justitia
822 2392 870 2459 est,
890 2401 920 2448 et
933 2410 1013 2448 mens
1026 2389 1078 2448 fibi
1090 2388 1202 2447 conscia
1214 2386 1296 2456 redi,

514 2477 516 2481 ’
561 2491 679 2550 Praemia
692 2493 780 2570 digna
793 2493 896 2550 ferant.
928 2494 1004 2551 Quae
1017 2501 1046 2550 te
1059 2501 1119 2549 tam
1131 2490 1197 2547 laeta
1211 2488 1340 2547 tulerunt

561 2592 685 2650 Saecula?
707 2595 756 2670 qui
770 2595 843 2652 tanti
858 2595 944 2652 talem
958 2612 1083 2670 genuere
1096 2593 1239 2670 parentes?

561 2696 596 2752 In
610 2696 681 2753 freta
695 2696 764 2753 dnm
777 2696 857 2754 fluvii
871 2707 996 2764 current,
1009 2697 1079 2754 dum
1092 2695 1237 2755 montibus
1249 2694 1360 2753 umbre

561 2797 734 2855 Lustrnbunt
746 2816 882 2866 convexa,
902 2798 985 2874 polus
997 2782 1068 2855 dum
1080 2797 1168 2855 fidera
1180 2795 1287 2873 pascet,

561 2899 677 2976 Semper
690 2899 788 2969 honos,
808 2919 970 2976 nomenque
984 2911 1076 2969 tuum,
1094 2900 1249 2975 laudesque
1261 2916 1360 2957 mane·

639 3003 728 3072 bunt3

563 3106 639 3164 Quae
652 3124 699 3163 me
712 3124 836 3182 eumque
847 3116 948 3164 vocant
960 3115 1049 3164 terrae.
1076 3106 1122 3164 Sic
1135 3105 1223 3176 fatue,-
1232 3104 1361 3164 amicum

561 3209 670 3268 Ilionea
683 3208 756 3286 petit
768 3209 878 3279 dextra,
898 3209 1026 3285 larvaque
1040 3208 1192 3269 Serestum:

562 3312 625 3370 Post
635 3311 714 3380 alios,
726 3311 888 3387 sortemque
896 3311 990 3387 Gyan,
1001 3310 1165 3386 fortemque
1173 3308 1360 3369 Cloanthum.

601 3413 756 3491 Obstupuit
769 3413 862 3490 primo
875 3412 1008 3488 adspedtu
1021 3412 1135 3470 Sidonia
1148 3412 1235 3481 Dido,

563 3518 639 3575 Casu
652 3517 754 3575 deinde
768 3516 823 3574 viri
836 3527 930 3586 tanto;
952 3526 982 3573 et
996 3515 1032 3572 src
1045 3533 1093 3572 ore
1105 3515 1200 3572 locuta
1210 3513 1266 3571 estr

565 3621 641 3679 Quis
656 3631 693 3689 te,
714 3629 781 3678 nate
794 3620 856 3688 dea,
877 3637 927 3694 per
940 3628 1020 3675 tanta
1033 3618 1158 3694 pericula
1171 3617 1251 3674 cesus

564 3725 743 3801 Insequitur?
765 3743 830 3800 quae
842 3722 885 3781 vis
897 3721 1061 3780 inmanibus
1074 3721 1197 3798 adplinat
1209 3722 1281 3777 oris?

563 3829 648 3885 Tune
661 3828 711 3884 ille
723 3827 841 3895 AEneas,
861 3844 947 3901 quem
962 3824 1108 3882 Dardanio
1120 3821 1256 3881 Anchisae

564 3929 652 3986 Alma
662 3930 760 3986 Venus
775 3927 891 4003 Phrygii
905 3925 1007 4004 genuit
1021 3925 1173 3983 Simoentis
1186 3926 1223 3983 ad
1235 3926 1360 3983 undam?

564 4031 663 4106 Atque
675 4031 809 4105 equidem
821 4030 967 4086 Teucrum
980 4028 1101 4086 memini
1114 4027 1218 4086 Sidona
1232 4028 1341 4099 venire,

565 4134 683 4191 Finibus
696 4133 845 4208 expulsum
858 4131 966 4208 patriis,
987 4149 1061 4189 nova
1077 4147 1163 4207 regna
1176 4140 1323 4207 petentem

566 4235 686 4294 Auxilio
700 4234 777 4291 Beli:
800 4233 914 4309 genitor
928 4241 991 4291 tum
1004 4232 1087 4290 Belus
1099 4233 1227 4309 opimam
1369 4298 1371 4306 ¹

565 4338 700 4396 Vastabat
713 4336 851 4412 Cyprum,
871 4344 902 4392 et
916 4335 1005 4393 vidior
1016 4335 1127 4393 ditione
1141 4337 1267 4394 tenebat.
1308 4337 1310 4341 ’

564 4443 706 4518 Tempore
715 4438 775 4516 jam
788 4457 824 4494 ex
838 4437 889 4495 illo
902 4436 980 4495 casus
993 4437 1066 4494 mihi
1078 4437 1210 4514 cognitus
1222 4437 1301 4496 urbia

564 4544 705 4621 Trojanae,
726 4559 888 4616 nomenque
901 4552 993 4608 tuum,
1013 4558 1150 4616 regesque
1163 4539 1283 4616 Pelasgi.

566 4647 628 4725 Ipse
641 4646 726 4704 hostis
736 4645 862 4701 Teucros
874 4641 977 4718 insrgni
990 4641 1075 4700 laude
1088 4642 1206 4712 ferebat,

566 4752 658 4828 Seque
670 4761 767 4808 ortum
779 4746 895 4822 antiqui
903 4745 1080 4804 Teucrorum
1093 4746 1129 4803 ab
1142 4743 1225 4823 stirpe
1238 4743 1361 4805 rolebnt
