3492 6884
463 1807 490 1847 v.
506 1786 569 1860 196.
774 1783 874 1844 ΜΒ.
913 1784 953 1843 11.
1204 1792 1262 1843 223

463 1942 580 2002 Credita
593 1961 652 2013 res3
673 1941 809 2019 captique
821 1942 902 2013 dolia,
922 1939 1102 2016 lacrimisque
1116 1939 1230 2011 condia,

462 2047 546 2105 Quos
558 2065 652 2124 neque
664 2046 800 2123 Tydides,
820 2064 874 2104 nec
886 2044 1033 2103 larisseus
1045 2043 1184 2104 Achillea.

460 2147 529 2207 Non
541 2150 611 2208 anni
623 2150 758 2211 domuere
771 2150 880 2218 decem,
899 2167 958 2206 non
972 2147 1053 2206 mille
1065 2148 1180 2206 cariore.

500 2252 559 2310 Hic
572 2253 652 2311 aliud
664 2252 755 2331 majua
768 2252 878 2310 miseria
890 2251 1039 2328 multoque
1053 2252 1234 2310 tremendum

461 2354 604 2433 Objicitur
615 2356 718 2433 magis,
737 2367 824 2432 atque
836 2354 986 2432 inprovida
998 2355 1111 2431 pectora
1125 2356 1230 2412 turbat.

461 2458 603 2528 Laocoon,
623 2460 724 2518 duetus
737 2460 877 2535 Neptuno
889 2457 964 2515 sorte
976 2456 1113 2526 sacerdos,

460 2561 612 2621 sollemnia
625 2573 739 2622 taurum
751 2563 900 2640 ingentem
914 2561 1056 2619 madebat
1068 2561 1104 2619 ad
1117 2579 1188 2619 araa.

460 2664 552 2723 Eccel
575 2676 672 2725 autem
685 2666 794 2743 gemini
808 2684 824 2723 a
836 2665 957 2722 Tenedo
969 2663 1122 2739 tranquilla
1135 2662 1257 2741 peralta

462 2770 474 2837 s
477 2768 616 2827 Horresco
628 2769 764 2842 reserens)
779 2768 914 2827 inmensis
926 2767 1043 2825 orbibus
1054 2785 1162 2844 angues

460 2872 637 2930 Incumbunt
649 2872 760 2948 pelago,
779 2870 941 2948 pariterque
952 2872 988 2929 ad
1001 2870 1084 2929 litora
1099 2872 1235 2930 tendunt:

461 2974 574 3033 Pectora
587 2993 708 3051 quorum
721 2974 913 3033 intertinctus
926 2974 1047 3043 adrecia,
1062 2972 1198 3052 jubaeque

461 3078 639 3154 Sanguineae,
652 3077 822 3155 exsuperant
832 3078 936 3136 undas:
958 3096 1022 3154 para
1032 3090 1125 3137 cetera
1135 3087 1258 3155 pontum

460 3180 536 3238 Pone
549 3182 630 3258 legit,
649 3182 818 3257 finuantque
830 3180 957 3238 inmensa
969 3181 1116 3239 volumine
1128 3192 1218 3259 terga.

460 3282 507 3340 Fit
520 3283 636 3353 sonitus,
651 3285 800 3361 spumante
812 3284 884 3342 salo:
902 3282 1021 3360 jamque
1033 3302 1097 3342 arva
1112 3287 1256 3367 tenebant,

459 3387 653 3463 Ardentisque
666 3388 761 3445 oculos
774 3386 887 3445 suffecti
901 3386 1040 3463 sangnine
1051 3398 1082 3445 et
1093 3387 1167 3464 igni,

460 3489 548 3548 Sibila
561 3489 726 3549 lambebant
738 3490 847 3568 linguis
859 3490 1039 3548 vibrantibus
1051 3509 1109 3549 ora.

459 3592 638 3670 Diffugimus
650 3593 712 3651 visu
724 3593 891 3671 exsangues.
931 3592 979 3650 llli
990 3593 1107 3670 agmine
1119 3601 1199 3653 certo

457 3698 620 3755 Laocoonta
633 3708 752 3774 petunt:
773 3709 803 3755 et
815 3696 943 3774 primum
955 3716 1043 3773 parva
1056 3698 1178 3755 duorum

458 3800 584 3877 Corpora
598 3810 730 3858 natorum
742 3800 855 3877 serpena
867 3800 1016 3876 amplexus
1027 3810 1150 3876 uterque
1173 3807 1179 3818 '

456 3904 590 3981 inplicat,
610 3915 640 3961 et
653 3903 767 3961 miseros
779 3902 875 3962 morsu
888 3903 1048 3980 depascitur
1059 3914 1146 3963 artm.

457 4008 519 4067 Post
532 4008 636 4086 ipsum,
647 4007 764 4079 ¹auxilio
777 4006 946 4065 subeuntem
959 4026 993 4065 ac
1006 4008 1061 4065 tela
1074 4007 1223 4081 serentem

457 4112 640 4189 Conripiunt,
660 4110 797 4187 spirisque
810 4110 903 4186 ligant
915 4109 1094 4187 ingentibus:
1115 4111 1224 4190 etjam,

457 4216 504 4273 Bis
517 4216 645 4274 medium
659 4214 795 4291 amplexi,
815 4213 858 4272 bis
870 4213 945 4272 collo
957 4213 1089 4290 squamea
1102 4214 1213 4274 σίτουιη

455 4320 551 4397 Terga
564 4303 633 4387 dati,
652 4319 785 4395 superant
797 4318 901 4395 capite,
921 4328 951 4374 et
964 4318 1121 4376 cervicibus
1133 4318 1207 4378 altit.

456 4422 508 4481 Ille
520 4422 604 4481 simul
617 4421 749 4480 manibus
761 4421 854 4480 tendit
867 4420 1003 4479 divellere
1016 4422 1113 4492 nodor,

455 4524 585 4583 Perfusus
597 4525 674 4583 sanie
686 4526 781 4591 vittas,
799 4534 919 4601 atroque
931 4543 1055 4595 venen03

454 4628 601 4686 Clamores
613 4628 695 4687 simul
707 4628 860 4686 horrendos
873 4629 910 4686 ad
923 4627 1011 4686 sidera
1026 4627 1115 4685 tollit:

455 4730 559 4792 Qualia
571 4732 709 4809 mugitus,
728 4732 806 4809 sugit
818 4749 911 4809 quum
922 4730 1032 4792 sattim
1043 4749 1124 4791 aram
1225 4762 1227 4767 ·
1262 4771 1266 4780 ·
