3492 6884
350 1025 406 1075 rua
663 1017 826 1079 clulsi
1033 1038 1060 1076 v.
1078 1025 1152 1088 137.¹

346 1172 405 1229 Hei
419 1171 503 1230 mihi!
526 1192 562 1231 ne
575 1174 654 1233 suror
666 1176 716 1234 ille
729 1185 793 1234 tuoe
805 1172 939 1234 invaserit
951 1181 1039 1241 artua,

345 1273 407 1343 Ille,
427 1276 530 1333 Arabis
542 1277 671 1353 Myrrbae
683 1279 826 1354 quondam
839 1277 890 1352 qui
903 1275 980 1352 oepit
992 1274 1104 1342 ocellos,

346 1375 390 1432 Ut
402 1376 505 1435 scelere
517 1378 645 1448 infando,
665 1382 743 1457 quod
755 1400 808 1439 noc
821 1380 888 1439 finit
900 1379 1039 1447 Adrastia,
1116 1357 1120 1368 ⁵

346 1477 463 1535 Laedere
477 1489 631 1557 utrumque
644 1501 703 1540 uno
715 1484 824 1541 studeas
836 1500 930 1540 errore
943 1489 1100 1557 parentem.

347 1579 436 1637 Quod
449 1580 468 1637 sr
481 1580 538 1639 alio
550 1583 650 1658 quovis
663 1584 758 1642 animo
765 1582 879 1661 jadaris
891 1601 1002 1654 amore3

347 1680 427 1738 Nam
441 1692 469 1739 te
476 1681 587 1759 jactari,
608 1703 665 1743 non
678 1686 717 1744 est
730 1686 898 1744 Amethufia
912 1685 999 1742 nostri
1016 1730 1019 1734 ⁷

347 1783 421 1841 Tam
433 1785 520 1855 rudis,
540 1795 573 1843 ut
585 1787 664 1844 nullo
676 1787 775 1864 poffim
788 1785 958 1863 cognoscere
971 1785 1065 1863 siguo:
1145 1815 1153 1823 ·

346 1883 376 1940 si
389 1886 533 1943 concessus
544 1905 624 1945 amor
636 1898 705 1945 noto
719 1896 748 1944 te
761 1898 887 1946 macerat
899 1887 982 1964 igne:

345 1974 398 2043 Per
410 1986 466 2044 tibi
479 1987 632 2064 Didynnae
643 1989 792 2065 praesentia
804 1989 925 2047 numina
933 1987 1008 2065 juro,

345 2086 439 2145 Prima
451 2088 538 2146 deum
550 2108 615 2165 quae
629 2101 657 2147 te
670 2090 744 2147 mihi
761 2090 876 2148 dulcem
888 2090 976 2147 donat
989 2086 1144 2156 alumnam

346 2187 453 2246 Omnia
466 2207 513 2246 me
525 2190 619 2266 potius
632 2191 719 2266 digna
733 2201 820 2267 atque
832 2191 951 2267 indigna
966 2191 1096 2248 laborum

345 2290 443 2350 Millia
454 2291 587 2362 visuram,
606 2312 694 2370 quam
706 2304 735 2351 te
746 2303 805 2352 tam
819 2293 943 2351 tristibus
956 2294 1014 2351 iliis

345 2392 490 2460 Sordibua,
509 2403 540 2452 et
552 2394 641 2452 scoril
654 2395 747 2472 patiar
760 2395 901 2453 tabescere
914 2395 975 2453 tali.

345 2496 419 2553 Haec
431 2496 570 2572 loquitur3
591 2498 729 2574 mollique
742 2507 776 2555 ut
789 2497 817 2555 se
830 2497 936 2555 velavit
949 2496 1065 2567 amictu,
1141 2501 1143 2509 '

345 2595 523 2673 Frigidulam
535 2596 638 2676 inject
650 2599 809 2657 circumdat
820 2599 896 2657 vesle
907 2598 1043 2674 puellam,
1144 2587 1158 2614 ⁰

273 2696 275 2700 ’
347 2700 424 2758 Qua
435 2700 513 2777 prius
525 2700 557 2758 iu
570 2699 651 2759 tenui
663 2701 776 2760 steterat
789 2700 930 2758 succincta
943 2700 1066 2758 crocota.

344 2800 451 2861 Dulcia
465 2802 568 2861 deinde
581 2804 663 2880 genis
674 2805 833 2862 rorantibus
845 2803 941 2862 oscula
953 2804 1054 2880 figens,

345 2903 526 2980 Persequitur
537 2904 646 2971 misera
658 2906 764 2963 caussas
776 2906 924 2981 exquirere
937 2904 1019 2963 tabis.

346 3004 411 3063 Nec
425 3016 521 3065 tamen
534 3017 600 3065 ante
612 3008 684 3065 ullas
695 3008 806 3084 patitur
818 3007 870 3064 fibi
883 3008 1000 3064 reddere
1013 3024 1105 3074 voces,

345 3108 542 3168 Marmoreum
553 3111 738 3167 tremebunda
745 3110 848 3185 pedem
856 3127 944 3184 quam
952 3107 1050 3166 retulit
1060 3108 1144 3167 intra.

345 3210 398 3268 illa
411 3220 518 3280 autern,
531 3209 613 3268 Quid
626 3228 703 3269 nunc
716 3228 772 3280 me,
789 3210 894 3286 inquit,
913 3210 1064 3281 nutricula,
1086 3219 1143 3267 tor-

412 3314 509 3388 ques?

345 3412 428 3470 Quid
439 3423 553 3471 tantum
564 3430 695 3489 properas
708 3412 813 3470 nostroe
827 3412 933 3470 novisse
946 3412 1075 3470 furores?

343 3515 414 3574 Non
427 3534 481 3591 ego
494 3513 629 3584 consueto
642 3515 809 3573 mortalibus
821 3532 889 3572 uror
901 3534 1006 3584 amore,

250 3697 253 3701 Ι
342 3616 408 3676 Nec
421 3615 494 3676 mihi
506 3626 640 3675 notorum
652 3617 807 3675 deflebunt
819 3617 931 3675 lumina
944 3619 1048 3688 voltm,

342 3718 409 3777 Nec
418 3716 616 3796 genitoreordi
626 3718 677 3777 est:
694 3719 769 3776 ultro
780 3737 904 3795 namque
914 3720 1027 3779 odimus
1036 3723 1140 3781 omnis.

344 3821 397 3887 Nil
409 3830 487 3881 amat
499 3820 570 3880 bicc'
581 3820 702 3890 animur,
713 3822 822 3891 nutrix,
829 3823 907 3897 quod
918 3832 1031 3899 oportet
1043 3826 1143 3888 amaris

344 3924 379 3991 In
392 3944 450 4001 quo
462 3922 531 3983 salsa
544 3930 641 3983 tamen
654 3924 742 3984 lateat
753 3921 869 4000 pietatis
882 3924 993 4002 imago:
