<?xml version="1.0" encoding="UTF-8"?>
<!DOCTYPE html PUBLIC "-//W3C//DTD XHTML 1.0 Transitional//EN"
    "http://www.w3.org/TR/xhtml1/DTD/xhtml1-transitional.dtd">
<html xmlns="http://www.w3.org/1999/xhtml" xml:lang="en" lang="en">
 <head>
  <title>
</title>
<meta http-equiv="Content-Type" content="text/html;charset=utf-8" />
  <meta name='ocr-system' content='tesseract 3.04.00' />
  <meta name='ocr-capabilities' content='ocr_page ocr_carea ocr_par ocr_line ocrx_word'/>
</head>
<body>
  <div class='ocr_page' id='page_1' title='image "./pvirgiliimaroni00wakegoog/pvirgiliimaroni00wakegoog_0253.png"; bbox 0 0 3492 6884; ppageno 0'>
   <div class='ocr_carea' id='block_1_1' title="bbox 408 1733 1208 1837">
    <p class='ocr_par' dir='ltr' id='par_1_1' title="bbox 408 1733 1208 1837">
     <span class='ocr_line' id='line_1_1' title="bbox 408 1733 1208 1837; baseline 0.018 -18"><span class='ocrx_word' id='word_1_1' title='bbox 408 1761 526 1837; x_wconf 54' lang='grc' dir='ltr'><em>ωας).</em></span> <span class='ocrx_word' id='word_1_2' title='bbox 727 1733 826 1828; x_wconf 75' lang='lat' dir='ltr'>uin.</span> <span class='ocrx_word' id='word_1_3' title='bbox 866 1770 906 1830; x_wconf 85' lang='lat'>11.</span> <span class='ocrx_word' id='word_1_4' title='bbox 1152 1767 1208 1833; x_wconf 69' lang='lat' dir='ltr'>aaa</span> 
     </span>
    </p>
   </div>
   <div class='ocr_carea' id='block_1_2' title="bbox 398 1918 1225 4779">
    <p class='ocr_par' dir='ltr' id='par_1_2' title="bbox 416 1918 1209 2004">
     <span class='ocr_line' id='line_1_2' title="bbox 416 1918 1209 2004; baseline 0.016 -29"><span class='ocrx_word' id='word_1_5' title='bbox 416 1918 597 1997; x_wconf 85' lang='lat' dir='ltr'>Suspensum,</span> <span class='ocrx_word' id='word_1_6' title='bbox 617 1931 647 1981; x_wconf 89' lang='lat' dir='ltr'>et</span> <span class='ocrx_word' id='word_1_7' title='bbox 659 1923 766 2001; x_wconf 84' lang='lat' dir='ltr'>pariter</span> <span class='ocrx_word' id='word_1_8' title='bbox 777 1924 936 2003; x_wconf 81' lang='lat' dir='ltr'>comitique</span> <span class='ocrx_word' id='word_1_9' title='bbox 952 1928 1090 2004; x_wconf 85' lang='lat' dir='ltr'><strong>onerique</strong></span> <span class='ocrx_word' id='word_1_10' title='bbox 1104 1927 1209 1987; x_wconf 90' lang='lat' dir='ltr'>timen-</span> 
     </span>
    </p>

    <p class='ocr_par' dir='ltr' id='par_1_3' title="bbox 453 2035 1210 2211">
     <span class='ocr_line' id='line_1_3' title="bbox 531 2035 600 2083; baseline 0 -2"><span class='ocrx_word' id='word_1_11' title='bbox 531 2035 600 2083; x_wconf 89' lang='lat' dir='ltr'>tem.</span> 
     </span>
     <span class='ocr_line' id='line_1_4' title="bbox 453 2126 1210 2211; baseline 0.012 -28"><span class='ocrx_word' id='word_1_12' title='bbox 453 2126 576 2203; x_wconf 78' lang='lat' dir='ltr'>Jamque</span> <span class='ocrx_word' id='word_1_13' title='bbox 588 2127 815 2205; x_wconf 81' lang='lat' dir='ltr'>propinquabam</span> <span class='ocrx_word' id='word_1_14' title='bbox 828 2132 926 2207; x_wconf 79' lang='lat' dir='ltr'>portio,</span> <span class='ocrx_word' id='word_1_15' title='bbox 945 2151 1120 2211; x_wconf 87' lang='lat' dir='ltr'>omnemque</span> <span class='ocrx_word' id='word_1_16' title='bbox 1132 2135 1210 2193; x_wconf 88' lang='lat' dir='ltr'>vide·</span> 
     </span>
    </p>

    <p class='ocr_par' dir='ltr' id='par_1_4' title="bbox 531 2231 584 2288">
     <span class='ocr_line' id='line_1_5' title="bbox 531 2231 584 2288; baseline 0 0"><span class='ocrx_word' id='word_1_17' title='bbox 531 2231 584 2288; x_wconf 89' lang='lat' dir='ltr'>bar</span> 
     </span>
    </p>

    <p class='ocr_par' dir='ltr' id='par_1_5' title="bbox 415 2332 1111 2411">
     <span class='ocr_line' id='line_1_6' title="bbox 415 2332 1111 2411; baseline 0.011 -22"><span class='ocrx_word' id='word_1_18' title='bbox 415 2332 535 2391; x_wconf 82' lang='lat' dir='ltr'>Evasrsse</span> <span class='ocrx_word' id='word_1_19' title='bbox 547 2333 640 2407; x_wconf 76' lang='lat' dir='ltr'>viam3</span> <span class='ocrx_word' id='word_1_20' title='bbox 661 2334 757 2393; x_wconf 87' lang='lat' dir='ltr'>subito</span> <span class='ocrx_word' id='word_1_21' title='bbox 770 2354 861 2411; x_wconf 89' lang='lat' dir='ltr'>quum</span> <span class='ocrx_word' id='word_1_22' title='bbox 874 2340 974 2398; x_wconf 83' lang='lat' dir='ltr'>creber</span> <span class='ocrx_word' id='word_1_23' title='bbox 985 2339 1022 2397; x_wconf 85' lang='lat' dir='ltr'>ad</span> <span class='ocrx_word' id='word_1_24' title='bbox 1035 2339 1111 2397; x_wconf 82' lang='lat' dir='ltr'>auria</span> 
     </span>
    </p>

    <p class='ocr_par' dir='ltr' id='par_1_6' title="bbox 414 2439 1209 2604">
     <span class='ocr_line' id='line_1_7' title="bbox 414 2439 1209 2520; baseline 0.006 -24"><span class='ocrx_word' id='word_1_25' title='bbox 414 2439 500 2498; x_wconf 72' lang='lat' dir='ltr'>Visun</span> <span class='ocrx_word' id='word_1_26' title='bbox 513 2441 603 2500; x_wconf 86' lang='lat' dir='ltr'>adess&#39;e</span> <span class='ocrx_word' id='word_1_27' title='bbox 616 2444 722 2520; x_wconf 84' lang='lat' dir='ltr'>pedum</span> <span class='ocrx_word' id='word_1_28' title='bbox 736 2443 859 2502; x_wconf 78' lang='lat' dir='ltr'>sonitus:</span> <span class='ocrx_word' id='word_1_29' title='bbox 882 2443 1060 2520; x_wconf 84' lang='lat' dir='ltr'>genitorque,</span> <span class='ocrx_word' id='word_1_30' title='bbox 1082 2460 1134 2520; x_wconf 90' lang='lat' dir='ltr'>per</span> <span class='ocrx_word' id='word_1_31' title='bbox 1145 2461 1209 2501; x_wconf 90' lang='lat' dir='ltr'>um·</span> 
     </span>
     <span class='ocr_line' id='line_1_8' title="bbox 529 2546 611 2604; baseline 0.024 -2"><span class='ocrx_word' id='word_1_32' title='bbox 529 2546 611 2604; x_wconf 79' lang='lat' dir='ltr'>brem</span> 
     </span>
    </p>

    <p class='ocr_par' dir='ltr' id='par_1_7' title="bbox 413 2645 1210 2827">
     <span class='ocr_line' id='line_1_9' title="bbox 413 2645 1210 2727; baseline 0.006 -24"><span class='ocrx_word' id='word_1_33' title='bbox 413 2645 597 2723; x_wconf 82' lang='lat' dir='ltr'>Prospiciens,</span> <span class='ocrx_word' id='word_1_34' title='bbox 616 2650 703 2718; x_wconf 87' lang='lat' dir='ltr'>Nate,</span> <span class='ocrx_word' id='word_1_35' title='bbox 721 2650 872 2726; x_wconf 84' lang='lat' dir='ltr'>exclamat,</span> <span class='ocrx_word' id='word_1_36' title='bbox 890 2648 971 2727; x_wconf 80' lang='lat' dir='ltr'>fuge,</span> <span class='ocrx_word' id='word_1_37' title='bbox 989 2658 1072 2721; x_wconf 73' lang='lat' dir='ltr'>nate,</span> <span class='ocrx_word' id='word_1_38' title='bbox 1092 2648 1210 2727; x_wconf 83' lang='lat' dir='ltr'>propin·</span> 
     </span>
     <span class='ocr_line' id='line_1_10' title="bbox 529 2761 637 2827; baseline 0 -18"><span class='ocrx_word' id='word_1_39' title='bbox 529 2761 637 2827; x_wconf 81' lang='lat' dir='ltr'><strong>quant:</strong></span> 
     </span>
    </p>

    <p class='ocr_par' dir='ltr' id='par_1_8' title="bbox 413 2854 1131 2932">
     <span class='ocr_line' id='line_1_11' title="bbox 413 2854 1131 2932; baseline 0.003 -22"><span class='ocrx_word' id='word_1_40' title='bbox 413 2854 551 2912; x_wconf 85' lang='lat' dir='ltr'>Ardentis</span> <span class='ocrx_word' id='word_1_41' title='bbox 563 2854 680 2932; x_wconf 80' lang='lat' dir='ltr'>clipeos,</span> <span class='ocrx_word' id='word_1_42' title='bbox 699 2867 786 2932; x_wconf 85' lang='lat' dir='ltr'>atque</span> <span class='ocrx_word' id='word_1_43' title='bbox 799 2875 854 2914; x_wconf 75' lang='lat' dir='ltr'>aera</span> <span class='ocrx_word' id='word_1_44' title='bbox 869 2854 1016 2925; x_wconf 85' lang='lat' dir='ltr'>micantia,</span> <span class='ocrx_word' id='word_1_45' title='bbox 1036 2874 1131 2913; x_wconf 87' lang='lat' dir='ltr'>cerno.</span> 
     </span>
    </p>

    <p class='ocr_par' dir='ltr' id='par_1_9' title="bbox 453 2957 1209 3036">
     <span class='ocr_line' id='line_1_12' title="bbox 453 2957 1209 3036; baseline 0.003 -22"><span class='ocrx_word' id='word_1_46' title='bbox 453 2957 512 3016; x_wconf 90' lang='lat' dir='ltr'>Hic</span> <span class='ocrx_word' id='word_1_47' title='bbox 531 2958 615 3027; x_wconf 88' lang='lat' dir='ltr'>mihi,</span> <span class='ocrx_word' id='word_1_48' title='bbox 642 2959 843 3035; x_wconf 89' lang='lat' dir='ltr'>nescioquod,</span> <span class='ocrx_word' id='word_1_49' title='bbox 871 2959 983 3036; x_wconf 89' lang='lat' dir='ltr'>trepido</span> <span class='ocrx_word' id='word_1_50' title='bbox 1003 2958 1078 3017; x_wconf 91' lang='lat' dir='ltr'>male</span> <span class='ocrx_word' id='word_1_51' title='bbox 1101 2975 1209 3016; x_wconf 89' lang='lat' dir='ltr'>numen</span> 
     </span>
    </p>

    <p class='ocr_par' dir='ltr' id='par_1_10' title="bbox 416 3061 658 3120">
     <span class='ocr_line' id='line_1_13' title="bbox 416 3061 658 3120; baseline 0.004 -1"><span class='ocrx_word' id='word_1_52' title='bbox 416 3086 420 3095; x_wconf 94' lang='lat'>·</span> <span class='ocrx_word' id='word_1_53' title='bbox 530 3061 658 3120; x_wconf 88' lang='lat' dir='ltr'>amicum</span> 
     </span>
    </p>

    <p class='ocr_par' dir='ltr' id='par_1_11' title="bbox 414 3162 1178 3242">
     <span class='ocr_line' id='line_1_14' title="bbox 414 3162 1178 3242; baseline 0.004 -22"><span class='ocrx_word' id='word_1_54' title='bbox 414 3162 570 3222; x_wconf 85' lang='lat' dir='ltr'>Confusam</span> <span class='ocrx_word' id='word_1_55' title='bbox 583 3164 689 3242; x_wconf 88' lang='lat' dir='ltr'>eripuit</span> <span class='ocrx_word' id='word_1_56' title='bbox 701 3174 844 3222; x_wconf 87' lang='lat' dir='ltr'>mentem:</span> <span class='ocrx_word' id='word_1_57' title='bbox 866 3184 1001 3241; x_wconf 92' lang='lat' dir='ltr'>namque,</span> <span class='ocrx_word' id='word_1_58' title='bbox 1020 3164 1083 3223; x_wconf 70' lang='lat' dir='ltr'>aeia</span> <span class='ocrx_word' id='word_1_59' title='bbox 1095 3164 1178 3223; x_wconf 88' lang='lat' dir='ltr'>cursu</span> 
     </span>
    </p>

    <p class='ocr_par' dir='ltr' id='par_1_12' title="bbox 414 3265 1225 3350">
     <span class='ocr_line' id='line_1_15' title="bbox 414 3265 1225 3350; baseline 0.001 -25"><span class='ocrx_word' id='word_1_60' title='bbox 414 3266 494 3325; x_wconf 91' lang='lat' dir='ltr'>Dum</span> <span class='ocrx_word' id='word_1_61' title='bbox 508 3265 616 3342; x_wconf 87' lang='lat' dir='ltr'>sequor,</span> <span class='ocrx_word' id='word_1_62' title='bbox 636 3277 667 3326; x_wconf 91' lang='lat' dir='ltr'>et</span> <span class='ocrx_word' id='word_1_63' title='bbox 679 3271 748 3326; x_wconf 74' lang='lat' dir='ltr'>nota</span> <span class='ocrx_word' id='word_1_64' title='bbox 759 3268 869 3327; x_wconf 87' lang='lat' dir='ltr'>excedo</span> <span class='ocrx_word' id='word_1_65' title='bbox 882 3268 998 3346; x_wconf 85' lang='lat' dir='ltr'>regione</span> <span class='ocrx_word' id='word_1_66' title='bbox 1010 3267 1131 3337; x_wconf 77' lang='lat' dir='ltr'>viarum,</span> <span class='ocrx_word' id='word_1_67' title='bbox 1219 3339 1225 3350; x_wconf 44' lang='grc'><strong>,</strong></span> 
     </span>
    </p>

    <p class='ocr_par' dir='ltr' id='par_1_13' title="bbox 413 3369 1135 3458">
     <span class='ocr_line' id='line_1_16' title="bbox 413 3369 1135 3458; baseline 0.003 -31"><span class='ocrx_word' id='word_1_68' title='bbox 413 3369 495 3427; x_wconf 85' lang='lat' dir='ltr'>Heus</span> <span class='ocrx_word' id='word_1_69' title='bbox 517 3369 622 3428; x_wconf 87' lang='lat' dir='ltr'>misero</span> <span class='ocrx_word' id='word_1_70' title='bbox 634 3370 769 3458; x_wconf 81' lang='lat' dir='ltr'>conjuqx,</span> <span class='ocrx_word' id='word_1_71' title='bbox 789 3372 890 3429; x_wconf 87' lang='lat' dir='ltr'>fatone</span> <span class='ocrx_word' id='word_1_72' title='bbox 900 3381 1007 3448; x_wconf 90' lang='lat' dir='ltr'>erepta,</span> <span class='ocrx_word' id='word_1_73' title='bbox 1028 3370 1135 3429; x_wconf 87' lang='lat' dir='ltr'>Creiisa</span> 
     </span>
    </p>

    <p class='ocr_par' dir='ltr' id='par_1_14' title="bbox 414 3459 1059 3544">
     <span class='ocr_line' id='line_1_17' title="bbox 414 3459 1059 3544; baseline 0.003 -14"><span class='ocrx_word' id='word_1_74' title='bbox 414 3471 554 3543; x_wconf 69' lang='lat' dir='ltr'>animat,</span> <span class='ocrx_word' id='word_1_75' title='bbox 572 3475 714 3533; x_wconf 80' lang='lat' dir='ltr'>erravitne</span> <span class='ocrx_word' id='word_1_76' title='bbox 726 3459 783 3544; x_wconf 62' lang='lat' dir='ltr'>in,</span> <span class='ocrx_word' id='word_1_77' title='bbox 803 3474 852 3532; x_wconf 78' lang='lat' dir='ltr'>seu</span> <span class='ocrx_word' id='word_1_78' title='bbox 865 3474 932 3533; x_wconf 77' lang='lat' dir='ltr'>tan</span> <span class='ocrx_word' id='word_1_79' title='bbox 945 3474 1059 3542; x_wconf 73' lang='lat' dir='ltr'>resedit,</span> 
     </span>
    </p>

    <p class='ocr_par' dir='ltr' id='par_1_15' title="bbox 413 3575 1125 3655">
     <span class='ocr_line' id='line_1_18' title="bbox 413 3575 1125 3655; baseline 0.004 -22"><span class='ocrx_word' id='word_1_80' title='bbox 413 3576 573 3635; x_wconf 84' lang='lat' dir='ltr'>Incertum:</span> <span class='ocrx_word' id='word_1_81' title='bbox 596 3596 649 3637; x_wconf 86' lang='lat' dir='ltr'>nec</span> <span class='ocrx_word' id='word_1_82' title='bbox 661 3578 723 3655; x_wconf 87' lang='lat' dir='ltr'>post</span> <span class='ocrx_word' id='word_1_83' title='bbox 734 3577 825 3636; x_wconf 80' lang='lat' dir='ltr'>oculis</span> <span class='ocrx_word' id='word_1_84' title='bbox 837 3577 878 3635; x_wconf 84' lang='lat' dir='ltr'>est</span> <span class='ocrx_word' id='word_1_85' title='bbox 890 3576 1000 3635; x_wconf 86' lang='lat' dir='ltr'>reddita</span> <span class='ocrx_word' id='word_1_86' title='bbox 1013 3575 1125 3648; x_wconf 58' lang='lat' dir='ltr'>nostrin</span> 
     </span>
    </p>

    <p class='ocr_par' dir='ltr' id='par_1_16' title="bbox 413 3679 1147 3758">
     <span class='ocr_line' id='line_1_19' title="bbox 413 3679 1147 3758; baseline -0.003 -20"><span class='ocrx_word' id='word_1_87' title='bbox 413 3679 479 3739; x_wconf 85' lang='lat' dir='ltr'>Nec</span> <span class='ocrx_word' id='word_1_88' title='bbox 490 3680 569 3757; x_wconf 83' lang='lat' dir='ltr'>priua</span> <span class='ocrx_word' id='word_1_89' title='bbox 580 3680 709 3740; x_wconf 85' lang='lat' dir='ltr'>amissam</span> <span class='ocrx_word' id='word_1_90' title='bbox 719 3680 840 3758; x_wconf 82' lang='lat' dir='ltr'>respexi,</span> <span class='ocrx_word' id='word_1_91' title='bbox 859 3680 1025 3739; x_wconf 88' lang='lat' dir='ltr'>animumve</span> <span class='ocrx_word' id='word_1_92' title='bbox 1037 3679 1147 3750; x_wconf 81' lang='lat' dir='ltr'>reflexi,</span> 
     </span>
    </p>

    <p class='ocr_par' dir='ltr' id='par_1_17' title="bbox 403 3782 1210 3945">
     <span class='ocr_line' id='line_1_20' title="bbox 403 3782 1210 3863; baseline -0.004 -18"><span class='ocrx_word' id='word_1_93' title='bbox 403 3784 513 3845; x_wconf 66' lang='lat' dir='ltr'>⁴Quam</span> <span class='ocrx_word' id='word_1_94' title='bbox 526 3783 672 3845; x_wconf 83' lang='lat' dir='ltr'>tumulum</span> <span class='ocrx_word' id='word_1_95' title='bbox 683 3785 810 3863; x_wconf 82' lang='lat' dir='ltr'>antiquae</span> <span class='ocrx_word' id='word_1_96' title='bbox 822 3784 935 3844; x_wconf 86' lang='lat' dir='ltr'>Cereria</span> <span class='ocrx_word' id='word_1_97' title='bbox 952 3782 1105 3858; x_wconf 90' lang='lat' dir='ltr'>sedemque</span> <span class='ocrx_word' id='word_1_98' title='bbox 1118 3782 1210 3842; x_wconf 85' lang='lat' dir='ltr'>sacra·</span> 
     </span>
     <span class='ocr_line' id='line_1_21' title="bbox 530 3896 590 3945; baseline 0 0"><span class='ocrx_word' id='word_1_99' title='bbox 530 3896 590 3945; x_wconf 77' lang='lat' dir='ltr'>tam</span> 
     </span>
    </p>

    <p class='ocr_par' dir='ltr' id='par_1_18' title="bbox 412 3988 1130 4050">
     <span class='ocr_line' id='line_1_22' title="bbox 412 3988 1130 4050; baseline -0.004 -1"><span class='ocrx_word' id='word_1_100' title='bbox 412 3989 567 4049; x_wconf 76' lang='lat' dir='ltr'>Venimus:</span> <span class='ocrx_word' id='word_1_101' title='bbox 588 3989 637 4049; x_wconf 89' lang='lat' dir='ltr'>hic</span> <span class='ocrx_word' id='word_1_102' title='bbox 648 3991 767 4050; x_wconf 86' lang='lat' dir='ltr'>demum</span> <span class='ocrx_word' id='word_1_103' title='bbox 779 3990 914 4049; x_wconf 74' lang='lat' dir='ltr'>contectis</span> <span class='ocrx_word' id='word_1_104' title='bbox 926 3988 1059 4048; x_wconf 75' lang='lat' dir='ltr'>omnibus</span> <span class='ocrx_word' id='word_1_105' title='bbox 1071 4007 1130 4047; x_wconf 89' lang='lat' dir='ltr'>nna</span> 
     </span>
    </p>

    <p class='ocr_par' dir='ltr' id='par_1_19' title="bbox 413 4090 1208 4170">
     <span class='ocr_line' id='line_1_23' title="bbox 413 4090 1208 4170; baseline -0.004 -18"><span class='ocrx_word' id='word_1_106' title='bbox 413 4093 530 4165; x_wconf 77' lang='lat' dir='ltr'>Defuit3</span> <span class='ocrx_word' id='word_1_107' title='bbox 551 4102 582 4150; x_wconf 90' lang='lat' dir='ltr'>et</span> <span class='ocrx_word' id='word_1_108' title='bbox 594 4093 723 4164; x_wconf 74' lang='lat' dir='ltr'>comites,</span> <span class='ocrx_word' id='word_1_109' title='bbox 739 4104 907 4170; x_wconf 90' lang='lat' dir='ltr'>natumque,</span> <span class='ocrx_word' id='word_1_110' title='bbox 920 4093 1082 4168; x_wconf 82' lang='lat' dir='ltr'>virumque,</span> <span class='ocrx_word' id='word_1_111' title='bbox 1093 4090 1208 4150; x_wconf 83' lang='lat' dir='ltr'>fefellit.</span> 
     </span>
    </p>

    <p class='ocr_par' dir='ltr' id='par_1_20' title="bbox 398 4194 1209 4374">
     <span class='ocr_line' id='line_1_24' title="bbox 398 4194 1209 4270; baseline -0.002 -16"><span class='ocrx_word' id='word_1_112' title='bbox 398 4197 513 4255; x_wconf 79' lang='lat' dir='ltr'>-Quem</span> <span class='ocrx_word' id='word_1_113' title='bbox 524 4214 582 4254; x_wconf 92' lang='lat' dir='ltr'>non</span> <span class='ocrx_word' id='word_1_114' title='bbox 595 4194 722 4254; x_wconf 86' lang='lat' dir='ltr'>incusavi</span> <span class='ocrx_word' id='word_1_115' title='bbox 736 4215 834 4254; x_wconf 85' lang='lat' dir='ltr'>amena</span> <span class='ocrx_word' id='word_1_116' title='bbox 849 4194 1066 4270; x_wconf 88' lang='lat' dir='ltr'>hominumque,</span> <span class='ocrx_word' id='word_1_117' title='bbox 1076 4194 1209 4266; x_wconf 80' lang='lat' dir='ltr'>deorum-</span> 
     </span>
     <span class='ocr_line' id='line_1_25' title="bbox 528 4300 603 4374; baseline -0.013 -18"><span class='ocrx_word' id='word_1_118' title='bbox 528 4300 603 4374; x_wconf 81' lang='lat' dir='ltr'>que?</span> 
     </span>
    </p>

    <p class='ocr_par' dir='ltr' id='par_1_21' title="bbox 412 4398 1038 4476">
     <span class='ocr_line' id='line_1_26' title="bbox 412 4398 1038 4476; baseline -0.002 -18"><span class='ocrx_word' id='word_1_119' title='bbox 412 4401 476 4459; x_wconf 83' lang='lat' dir='ltr'>Aut</span> <span class='ocrx_word' id='word_1_120' title='bbox 488 4399 559 4476; x_wconf 85' lang='lat' dir='ltr'>quid</span> <span class='ocrx_word' id='word_1_121' title='bbox 570 4398 603 4458; x_wconf 89' lang='lat' dir='ltr'>iu</span> <span class='ocrx_word' id='word_1_122' title='bbox 614 4399 710 4458; x_wconf 73' lang='lat' dir='ltr'>eversi</span> <span class='ocrx_word' id='word_1_123' title='bbox 722 4399 782 4458; x_wconf 85' lang='lat' dir='ltr'>vidi</span> <span class='ocrx_word' id='word_1_124' title='bbox 795 4399 939 4458; x_wconf 79' lang='lat' dir='ltr'>crudelius</span> <span class='ocrx_word' id='word_1_125' title='bbox 950 4401 1038 4457; x_wconf 81' lang='lat' dir='ltr'>urbe?</span> 
     </span>
    </p>

    <p class='ocr_par' dir='ltr' id='par_1_22' title="bbox 413 4501 1207 4663">
     <span class='ocr_line' id='line_1_27' title="bbox 413 4501 1207 4579; baseline -0.004 -16"><span class='ocrx_word' id='word_1_126' title='bbox 413 4501 580 4572; x_wconf 83' lang='lat' dir='ltr'>Ascanium,</span> <span class='ocrx_word' id='word_1_127' title='bbox 598 4501 803 4578; x_wconf 84' lang='lat' dir='ltr'>Anchisenque</span> <span class='ocrx_word' id='word_1_128' title='bbox 819 4512 941 4579; x_wconf 81' lang='lat' dir='ltr'>patrem,</span> <span class='ocrx_word' id='word_1_129' title='bbox 959 4501 1143 4576; x_wconf 76' lang='lat' dir='ltr'>Teucrosque</span> <span class='ocrx_word' id='word_1_130' title='bbox 1155 4501 1207 4560; x_wconf 74' lang='lat' dir='ltr'>Pe:</span> 
     </span>
     <span class='ocr_line' id='line_1_28' title="bbox 528 4612 609 4663; baseline -0.012 0"><span class='ocrx_word' id='word_1_131' title='bbox 528 4612 609 4663; x_wconf 62' lang='lat' dir='ltr'>natm</span> 
     </span>
    </p>

    <p class='ocr_par' dir='ltr' id='par_1_23' title="bbox 413 4704 1070 4779">
     <span class='ocr_line' id='line_1_29' title="bbox 413 4704 1070 4779; baseline -0.008 -13"><span class='ocrx_word' id='word_1_132' title='bbox 413 4706 583 4766; x_wconf 82' lang='lat' dir='ltr'>Conmendo</span> <span class='ocrx_word' id='word_1_133' title='bbox 595 4705 685 4779; x_wconf 74' lang='lat' dir='ltr'>sociis,</span> <span class='ocrx_word' id='word_1_134' title='bbox 705 4714 736 4764; x_wconf 91' lang='lat' dir='ltr'>et</span> <span class='ocrx_word' id='word_1_135' title='bbox 748 4705 834 4765; x_wconf 73' lang='lat' dir='ltr'>cumi</span> <span class='ocrx_word' id='word_1_136' title='bbox 846 4704 920 4765; x_wconf 77' lang='lat' dir='ltr'>valle</span> <span class='ocrx_word' id='word_1_137' title='bbox 933 4704 1070 4764; x_wconf 88' lang='lat' dir='ltr'>recondo:</span> 
     </span>
    </p>
   </div>
   <div class='ocr_carea' id='block_1_3' title="bbox 0 0 1750 6884">
    <p class='ocr_par' dir='ltr' id='par_1_24' title="bbox 0 0 1750 6884">
     <span class='ocr_line' id='line_1_30' title="bbox 0 0 1750 6884; baseline 0 1"><span class='ocrx_word' id='word_1_138' title='bbox 0 0 1750 6884; x_wconf 95' lang='lat' dir='ltr'> </span> 
     </span>
    </p>
   </div>
  </div>
 </body>
</html>
