<?xml version="1.0" encoding="UTF-8"?>
<!DOCTYPE html PUBLIC "-//W3C//DTD XHTML 1.0 Transitional//EN"
    "http://www.w3.org/TR/xhtml1/DTD/xhtml1-transitional.dtd">
<html xmlns="http://www.w3.org/1999/xhtml" xml:lang="en" lang="en">
 <head>
  <title>
</title>
<meta http-equiv="Content-Type" content="text/html;charset=utf-8" />
  <meta name='ocr-system' content='tesseract 3.04.00' />
  <meta name='ocr-capabilities' content='ocr_page ocr_carea ocr_par ocr_line ocrx_word'/>
</head>
<body>
  <div class='ocr_page' id='page_1' title='image "./pvirgiliimaroni00wakegoog/pvirgiliimaroni00wakegoog_0163.png"; bbox 0 0 3492 6884; ppageno 0'>
   <div class='ocr_carea' id='block_1_1' title="bbox 485 1751 1283 1822">
    <p class='ocr_par' dir='ltr' id='par_1_1' title="bbox 485 1751 1283 1822">
     <span class='ocr_line' id='line_1_1' title="bbox 485 1751 1283 1822; baseline 0 -2"><span class='ocrx_word' id='word_1_1' title='bbox 485 1760 599 1820; x_wconf 68' lang='lat' dir='ltr'>etot:</span> <span class='ocrx_word' id='word_1_2' title='bbox 808 1751 969 1822; x_wconf 73' lang='lat' dir='ltr'>c&#39;lltls]</span> <span class='ocrx_word' id='word_1_3' title='bbox 1228 1769 1283 1821; x_wconf 80' lang='lat'>1⁵3</span> 
     </span>
    </p>
   </div>
   <div class='ocr_carea' id='block_1_2' title="bbox 485 1900 1326 4742">
    <p class='ocr_par' dir='ltr' id='par_1_2' title="bbox 487 1900 1326 1988">
     <span class='ocr_line' id='line_1_2' title="bbox 487 1900 1326 1988; baseline 0 -15"><span class='ocrx_word' id='word_1_4' title='bbox 487 1917 542 1973; x_wconf 90' lang='lat' dir='ltr'>Sed</span> <span class='ocrx_word' id='word_1_5' title='bbox 552 1915 693 1974; x_wconf 77' lang='lat' dir='ltr'>medidex</span> <span class='ocrx_word' id='word_1_6' title='bbox 703 1916 773 1988; x_wconf 84' lang='lat' dir='ltr'>acie,</span> <span class='ocrx_word' id='word_1_7' title='bbox 787 1918 890 1976; x_wconf 85' lang='lat' dir='ltr'>mediis</span> <span class='ocrx_word' id='word_1_8' title='bbox 902 1938 939 1976; x_wconf 84' lang='lat' dir='ltr'>ex</span> <span class='ocrx_word' id='word_1_9' title='bbox 951 1916 1086 1975; x_wconf 81' lang='lat' dir='ltr'>hostibus.</span> <span class='ocrx_word' id='word_1_10' title='bbox 1106 1915 1189 1974; x_wconf 88' lang='lat' dir='ltr'>Heu!</span> <span class='ocrx_word' id='word_1_11' title='bbox 1210 1916 1282 1974; x_wconf 85' lang='lat' dir='ltr'>hen!</span> <span class='ocrx_word' id='word_1_12' title='bbox 1322 1900 1326 1906; x_wconf 42' lang='lat'>¹</span> 
     </span>
    </p>

    <p class='ocr_par' dir='ltr' id='par_1_3' title="bbox 487 2018 1284 2096">
     <span class='ocr_line' id='line_1_3' title="bbox 487 2018 1284 2096; baseline 0.001 -21"><span class='ocrx_word' id='word_1_13' title='bbox 487 2018 569 2075; x_wconf 78' lang='lat' dir='ltr'>Ouid</span> <span class='ocrx_word' id='word_1_14' title='bbox 581 2018 693 2076; x_wconf 76' lang='lat' dir='ltr'>dicam?</span> <span class='ocrx_word' id='word_1_15' title='bbox 713 2037 807 2094; x_wconf 84' lang='lat' dir='ltr'>quove</span> <span class='ocrx_word' id='word_1_16' title='bbox 818 2019 879 2096; x_wconf 83' lang='lat' dir='ltr'>ipso</span> <span class='ocrx_word' id='word_1_17' title='bbox 889 2019 998 2077; x_wconf 80' lang='lat' dir='ltr'>malurn</span> <span class='ocrx_word' id='word_1_18' title='bbox 1010 2019 1066 2076; x_wconf 90' lang='lat' dir='ltr'>hoc</span> <span class='ocrx_word' id='word_1_19' title='bbox 1077 2019 1209 2076; x_wconf 73' lang='lat' dir='ltr'>exordior</span> <span class='ocrx_word' id='word_1_20' title='bbox 1217 2019 1284 2076; x_wconf 85' lang='lat' dir='ltr'>orei</span> 
     </span>
    </p>

    <p class='ocr_par' dir='ltr' id='par_1_4' title="bbox 487 2119 1285 2292">
     <span class='ocr_line' id='line_1_4' title="bbox 487 2119 1285 2197; baseline 0 -19"><span class='ocrx_word' id='word_1_21' title='bbox 487 2119 591 2178; x_wconf 77' lang='lat' dir='ltr'>Dicam</span> <span class='ocrx_word' id='word_1_22' title='bbox 603 2120 751 2195; x_wconf 80' lang='lat' dir='ltr'>equidem:</span> <span class='ocrx_word' id='word_1_23' title='bbox 773 2120 910 2196; x_wconf 88' lang='lat' dir='ltr'>qnoniam</span> <span class='ocrx_word' id='word_1_24' title='bbox 923 2121 994 2197; x_wconf 90' lang='lat' dir='ltr'>quid</span> <span class='ocrx_word' id='word_1_25' title='bbox 1007 2130 1039 2178; x_wconf 88' lang='lat' dir='ltr'>tu</span> <span class='ocrx_word' id='word_1_26' title='bbox 1052 2119 1105 2178; x_wconf 90' lang='lat' dir='ltr'>tibi</span> <span class='ocrx_word' id='word_1_27' title='bbox 1116 2121 1220 2192; x_wconf 84' lang='lat' dir='ltr'>dicere,</span> <span class='ocrx_word' id='word_1_28' title='bbox 1231 2138 1285 2178; x_wconf 88' lang='lat' dir='ltr'>nn·</span> 
     </span>
     <span class='ocr_line' id='line_1_5' title="bbox 565 2222 633 2292; baseline 0.015 -14"><span class='ocrx_word' id='word_1_29' title='bbox 565 2222 633 2292; x_wconf 83' lang='lat' dir='ltr'>trix,</span> 
     </span>
    </p>

    <p class='ocr_par' dir='ltr' id='par_1_5' title="bbox 487 2323 1284 2396">
     <span class='ocr_line' id='line_1_6' title="bbox 487 2323 1284 2396; baseline 0 -14"><span class='ocrx_word' id='word_1_30' title='bbox 487 2326 557 2382; x_wconf 89' lang='lat' dir='ltr'>Non</span> <span class='ocrx_word' id='word_1_31' title='bbox 568 2324 648 2396; x_wconf 77' lang='lat' dir='ltr'>finie5</span> <span class='ocrx_word' id='word_1_32' title='bbox 663 2334 825 2382; x_wconf 81' lang='lat' dir='ltr'>extremum</span> <span class='ocrx_word' id='word_1_33' title='bbox 835 2326 891 2383; x_wconf 90' lang='lat' dir='ltr'>hoc</span> <span class='ocrx_word' id='word_1_34' title='bbox 899 2344 1003 2383; x_wconf 78' lang='lat' dir='ltr'>munuc</span> <span class='ocrx_word' id='word_1_35' title='bbox 1013 2323 1161 2384; x_wconf 82' lang='lat' dir='ltr'>morientis</span> <span class='ocrx_word' id='word_1_36' title='bbox 1171 2324 1284 2383; x_wconf 82' lang='lat' dir='ltr'>habeto.</span> 
     </span>
    </p>

    <p class='ocr_par' dir='ltr' id='par_1_6' title="bbox 486 2425 1217 2504">
     <span class='ocr_line' id='line_1_7' title="bbox 486 2425 1217 2504; baseline -0.001 -20"><span class='ocrx_word' id='word_1_37' title='bbox 486 2427 550 2497; x_wconf 84' lang='lat' dir='ltr'>ille,</span> <span class='ocrx_word' id='word_1_38' title='bbox 562 2426 652 2495; x_wconf 79' lang='lat' dir='ltr'>vides,</span> <span class='ocrx_word' id='word_1_39' title='bbox 671 2426 770 2484; x_wconf 79' lang='lat' dir='ltr'>nostrie</span> <span class='ocrx_word' id='word_1_40' title='bbox 783 2427 834 2504; x_wconf 90' lang='lat' dir='ltr'>qui</span> <span class='ocrx_word' id='word_1_41' title='bbox 848 2428 991 2485; x_wconf 70' lang='lat' dir='ltr'>moenibus</span> <span class='ocrx_word' id='word_1_42' title='bbox 1003 2425 1109 2485; x_wconf 83' lang='lat' dir='ltr'>ndsrdet</span> <span class='ocrx_word' id='word_1_43' title='bbox 1123 2426 1217 2495; x_wconf 81' lang='lat' dir='ltr'>hostie,</span> 
     </span>
    </p>

    <p class='ocr_par' dir='ltr' id='par_1_7' title="bbox 487 2527 1223 2606">
     <span class='ocr_line' id='line_1_8' title="bbox 487 2527 1223 2606; baseline 0 -21"><span class='ocrx_word' id='word_1_44' title='bbox 487 2529 585 2586; x_wconf 78' lang='lat' dir='ltr'>Quem</span> <span class='ocrx_word' id='word_1_45' title='bbox 595 2536 676 2606; x_wconf 83' lang='lat' dir='ltr'>peter</span> <span class='ocrx_word' id='word_1_46' title='bbox 687 2528 748 2604; x_wconf 88' lang='lat' dir='ltr'>ipse</span> <span class='ocrx_word' id='word_1_47' title='bbox 761 2529 847 2586; x_wconf 85' lang='lat' dir='ltr'>dedrn</span> <span class='ocrx_word' id='word_1_48' title='bbox 860 2527 963 2605; x_wconf 80' lang='lat' dir='ltr'>sceptri</span> <span class='ocrx_word' id='word_1_49' title='bbox 976 2528 1094 2586; x_wconf 79' lang='lat' dir='ltr'>donavit</span> <span class='ocrx_word' id='word_1_50' title='bbox 1106 2527 1223 2599; x_wconf 88' lang='lat' dir='ltr'>honore,</span> 
     </span>
    </p>

    <p class='ocr_par' dir='ltr' id='par_1_8' title="bbox 485 2628 1147 2689">
     <span class='ocr_line' id='line_1_9' title="bbox 485 2628 1147 2689; baseline -0.003 -1"><span class='ocrx_word' id='word_1_51' title='bbox 485 2630 543 2689; x_wconf 90' lang='lat' dir='ltr'>Cui</span> <span class='ocrx_word' id='word_1_52' title='bbox 556 2631 649 2688; x_wconf 76' lang='lat' dir='ltr'>Parere</span> <span class='ocrx_word' id='word_1_53' title='bbox 662 2630 786 2688; x_wconf 89' lang='lat' dir='ltr'>tribuere</span> <span class='ocrx_word' id='word_1_54' title='bbox 798 2648 852 2688; x_wconf 89' lang='lat' dir='ltr'>nec</span> <span class='ocrx_word' id='word_1_55' title='bbox 865 2630 925 2688; x_wconf 88' lang='lat' dir='ltr'>ullo</span> <span class='ocrx_word' id='word_1_56' title='bbox 938 2630 1052 2688; x_wconf 88' lang='lat' dir='ltr'>volnere</span> <span class='ocrx_word' id='word_1_57' title='bbox 1064 2628 1147 2687; x_wconf 79' lang='lat' dir='ltr'>laedi:</span> 
     </span>
    </p>

    <p class='ocr_par' dir='ltr' id='par_1_9' title="bbox 485 2729 1264 2800">
     <span class='ocr_line' id='line_1_10' title="bbox 485 2729 1264 2800; baseline -0.001 -11"><span class='ocrx_word' id='word_1_58' title='bbox 485 2731 648 2790; x_wconf 79' lang='lat' dir='ltr'>Dicendum</span> <span class='ocrx_word' id='word_1_59' title='bbox 662 2731 711 2800; x_wconf 86' lang='lat' dir='ltr'>est,</span> <span class='ocrx_word' id='word_1_60' title='bbox 731 2730 830 2789; x_wconf 79' lang='lat' dir='ltr'>frustra</span> <span class='ocrx_word' id='word_1_61' title='bbox 845 2731 1043 2789; x_wconf 83' lang='lat' dir='ltr'>circumvehor</span> <span class='ocrx_word' id='word_1_62' title='bbox 1054 2730 1151 2789; x_wconf 83' lang='lat' dir='ltr'>ornnia</span> <span class='ocrx_word' id='word_1_63' title='bbox 1163 2729 1264 2799; x_wconf 73' lang='lat' dir='ltr'>verbio,</span> 
     </span>
    </p>

    <p class='ocr_par' dir='ltr' id='par_1_10' title="bbox 485 2832 1232 2910">
     <span class='ocr_line' id='line_1_11' title="bbox 485 2832 1232 2910; baseline -0.001 -20"><span class='ocrx_word' id='word_1_64' title='bbox 485 2833 624 2901; x_wconf 75' lang='lat' dir='ltr'>inemec,</span> <span class='ocrx_word' id='word_1_65' title='bbox 643 2832 693 2891; x_wconf 90' lang='lat' dir='ltr'>ille</span> <span class='ocrx_word' id='word_1_66' title='bbox 705 2833 784 2891; x_wconf 87' lang='lat' dir='ltr'>idem</span> <span class='ocrx_word' id='word_1_67' title='bbox 796 2842 945 2910; x_wconf 78' lang='lat' dir='ltr'>oppugnat</span> <span class='ocrx_word' id='word_1_68' title='bbox 957 2833 1111 2910; x_wconf 77' lang='lat' dir='ltr'>praeoordia</span> <span class='ocrx_word' id='word_1_69' title='bbox 1124 2832 1232 2891; x_wconf 85' lang='lat' dir='ltr'>Minoe.</span> 
     </span>
    </p>

    <p class='ocr_par' dir='ltr' id='par_1_11' title="bbox 486 2933 1182 3011">
     <span class='ocr_line' id='line_1_12' title="bbox 486 2933 1182 3011; baseline 0 -19"><span class='ocrx_word' id='word_1_70' title='bbox 486 2935 575 2992; x_wconf 75' lang='lat' dir='ltr'>Quod</span> <span class='ocrx_word' id='word_1_71' title='bbox 589 2943 618 2992; x_wconf 92' lang='lat' dir='ltr'>te</span> <span class='ocrx_word' id='word_1_72' title='bbox 629 2953 680 3011; x_wconf 91' lang='lat' dir='ltr'>per</span> <span class='ocrx_word' id='word_1_73' title='bbox 693 2934 793 2992; x_wconf 71' lang='lat' dir='ltr'>dietim</span> <span class='ocrx_word' id='word_1_74' title='bbox 804 2936 917 2993; x_wconf 69' lang='lat' dir='ltr'>crebros</span> <span class='ocrx_word' id='word_1_75' title='bbox 929 2933 1051 2992; x_wconf 87' lang='lat' dir='ltr'>obtestor</span> <span class='ocrx_word' id='word_1_76' title='bbox 1063 2953 1182 3005; x_wconf 71' lang='lat' dir='ltr'>amores,</span> 
     </span>
    </p>

    <p class='ocr_par' dir='ltr' id='par_1_12' title="bbox 485 3036 1286 3208">
     <span class='ocr_line' id='line_1_13' title="bbox 485 3036 1286 3114; baseline 0.004 -20"><span class='ocrx_word' id='word_1_77' title='bbox 485 3040 593 3113; x_wconf 88' lang='lat' dir='ltr'>Perque</span> <span class='ocrx_word' id='word_1_78' title='bbox 606 3047 689 3094; x_wconf 87' lang='lat' dir='ltr'>tuum</span> <span class='ocrx_word' id='word_1_79' title='bbox 702 3036 836 3094; x_wconf 80' lang='lat' dir='ltr'>memoris</span> <span class='ocrx_word' id='word_1_80' title='bbox 849 3037 981 3095; x_wconf 79' lang='lat' dir='ltr'>haustum</span> <span class='ocrx_word' id='word_1_81' title='bbox 993 3037 1065 3095; x_wconf 87' lang='lat' dir='ltr'>mihi</span> <span class='ocrx_word' id='word_1_82' title='bbox 1082 3038 1180 3114; x_wconf 66' lang='lat' dir='ltr'>pectus</span> <span class='ocrx_word' id='word_1_83' title='bbox 1192 3037 1286 3096; x_wconf 82' lang='lat' dir='ltr'>nium·</span> 
     </span>
     <span class='ocr_line' id='line_1_14' title="bbox 566 3157 620 3208; baseline 0.019 -13"><span class='ocrx_word' id='word_1_84' title='bbox 566 3157 620 3208; x_wconf 87' lang='lat' dir='ltr'>nae,</span> 
     </span>
    </p>

    <p class='ocr_par' dir='ltr' id='par_1_13' title="bbox 487 3239 1154 3317">
     <span class='ocr_line' id='line_1_15' title="bbox 487 3239 1154 3317; baseline 0.001 -19"><span class='ocrx_word' id='word_1_85' title='bbox 487 3242 530 3299; x_wconf 92' lang='lat' dir='ltr'>Ut</span> <span class='ocrx_word' id='word_1_86' title='bbox 542 3253 599 3309; x_wconf 59' lang='lat' dir='ltr'>mej</span> <span class='ocrx_word' id='word_1_87' title='bbox 619 3239 639 3297; x_wconf 83' lang='lat' dir='ltr'>fi</span> <span class='ocrx_word' id='word_1_88' title='bbox 653 3239 761 3298; x_wconf 81' lang='lat' dir='ltr'>servare</span> <span class='ocrx_word' id='word_1_89' title='bbox 773 3249 863 3317; x_wconf 79' lang='lat' dir='ltr'>potes,</span> <span class='ocrx_word' id='word_1_90' title='bbox 883 3258 919 3297; x_wconf 94' lang='lat' dir='ltr'>ne</span> <span class='ocrx_word' id='word_1_91' title='bbox 931 3241 1050 3317; x_wconf 88' lang='lat' dir='ltr'>perdere</span> <span class='ocrx_word' id='word_1_92' title='bbox 1062 3241 1154 3299; x_wconf 82' lang='lat' dir='ltr'>malie.</span> 
     </span>
    </p>

    <p class='ocr_par' dir='ltr' id='par_1_14' title="bbox 485 3341 1115 3418">
     <span class='ocr_line' id='line_1_16' title="bbox 485 3341 1115 3418; baseline 0.002 -19"><span class='ocrx_word' id='word_1_93' title='bbox 485 3343 535 3400; x_wconf 88' lang='lat' dir='ltr'>Sin</span> <span class='ocrx_word' id='word_1_94' title='bbox 549 3352 647 3400; x_wconf 86' lang='lat' dir='ltr'>autem</span> <span class='ocrx_word' id='word_1_95' title='bbox 659 3351 764 3416; x_wconf 73' lang='lat' dir='ltr'>optatae</span> <span class='ocrx_word' id='word_1_96' title='bbox 777 3341 837 3418; x_wconf 78' lang='lat' dir='ltr'>spec</span> <span class='ocrx_word' id='word_1_97' title='bbox 850 3342 890 3399; x_wconf 85' lang='lat' dir='ltr'>est</span> <span class='ocrx_word' id='word_1_98' title='bbox 902 3341 990 3400; x_wconf 81' lang='lat' dir='ltr'>inciso</span> <span class='ocrx_word' id='word_1_99' title='bbox 1004 3341 1115 3414; x_wconf 78' lang='lat' dir='ltr'>salutis3</span> 
     </span>
    </p>

    <p class='ocr_par' dir='ltr' id='par_1_15' title="bbox 485 3442 1283 3519">
     <span class='ocr_line' id='line_1_17' title="bbox 485 3442 1283 3519; baseline 0.001 -16"><span class='ocrx_word' id='word_1_100' title='bbox 485 3446 533 3504; x_wconf 92' lang='lat' dir='ltr'>Ne</span> <span class='ocrx_word' id='word_1_101' title='bbox 543 3444 625 3515; x_wconf 89' lang='lat' dir='ltr'>mihi,</span> <span class='ocrx_word' id='word_1_102' title='bbox 634 3461 721 3519; x_wconf 80' lang='lat' dir='ltr'>quern</span> <span class='ocrx_word' id='word_1_103' title='bbox 729 3442 831 3514; x_wconf 87' lang='lat' dir='ltr'>merui,</span> <span class='ocrx_word' id='word_1_104' title='bbox 839 3442 976 3512; x_wconf 81' lang='lat' dir='ltr'>invideas,</span> <span class='ocrx_word' id='word_1_105' title='bbox 987 3446 1140 3514; x_wconf 80' lang='lat' dir='ltr'>nutricula,</span> <span class='ocrx_word' id='word_1_106' title='bbox 1151 3454 1283 3504; x_wconf 84' lang='lat' dir='ltr'>mortem.</span> 
     </span>
    </p>

    <p class='ocr_par' dir='ltr' id='par_1_16' title="bbox 486 3545 1284 3624">
     <span class='ocr_line' id='line_1_18' title="bbox 486 3545 1284 3624; baseline 0 -18"><span class='ocrx_word' id='word_1_107' title='bbox 486 3548 565 3606; x_wconf 80' lang='lat' dir='ltr'>Nam</span> <span class='ocrx_word' id='word_1_108' title='bbox 578 3546 631 3604; x_wconf 76' lang='lat' dir='ltr'>niti</span> <span class='ocrx_word' id='word_1_109' title='bbox 645 3557 674 3603; x_wconf 91' lang='lat' dir='ltr'>te</span> <span class='ocrx_word' id='word_1_110' title='bbox 684 3545 766 3603; x_wconf 80' lang='lat' dir='ltr'>nobis</span> <span class='ocrx_word' id='word_1_111' title='bbox 777 3545 878 3614; x_wconf 76' lang='lat' dir='ltr'>malua,</span> <span class='ocrx_word' id='word_1_112' title='bbox 891 3545 922 3602; x_wconf 78' lang='lat' dir='ltr'>ol</span> <span class='ocrx_word' id='word_1_113' title='bbox 937 3546 1037 3615; x_wconf 80' lang='lat' dir='ltr'>malus,</span> <span class='ocrx_word' id='word_1_114' title='bbox 1050 3546 1159 3624; x_wconf 86' lang='lat' dir='ltr'>optima</span> <span class='ocrx_word' id='word_1_115' title='bbox 1170 3548 1284 3619; x_wconf 82' lang='lat' dir='ltr'>Carme,</span> 
     </span>
    </p>

    <p class='ocr_par' dir='ltr' id='par_1_17' title="bbox 486 3639 1265 3724">
     <span class='ocr_line' id='line_1_19' title="bbox 486 3639 1265 3724; baseline -0.003 -16"><span class='ocrx_word' id='word_1_116' title='bbox 486 3653 566 3708; x_wconf 79' lang='lat' dir='ltr'>Ante</span> <span class='ocrx_word' id='word_1_117' title='bbox 578 3649 657 3706; x_wconf 87' lang='lat' dir='ltr'>hunc</span> <span class='ocrx_word' id='word_1_118' title='bbox 670 3647 852 3724; x_wconf 68' lang='lat' dir='ltr'>conspectum</span> <span class='ocrx_word' id='word_1_119' title='bbox 865 3645 990 3715; x_wconf 73' lang='lat' dir='ltr'>casusve,</span> <span class='ocrx_word' id='word_1_120' title='bbox 1010 3639 1124 3718; x_wconf 61' lang='lat' dir='ltr'>(idusve,</span> <span class='ocrx_word' id='word_1_121' title='bbox 1144 3647 1265 3720; x_wconf 74' lang='lat' dir='ltr'>tuliss&#39;et3</span> 
     </span>
    </p>

    <p class='ocr_par' dir='ltr' id='par_1_18' title="bbox 487 3750 1255 3827">
     <span class='ocr_line' id='line_1_20' title="bbox 487 3750 1255 3827; baseline -0.003 -16"><span class='ocrx_word' id='word_1_122' title='bbox 487 3755 550 3811; x_wconf 84' lang='lat' dir='ltr'>Aut</span> <span class='ocrx_word' id='word_1_123' title='bbox 561 3752 637 3811; x_wconf 84' lang='lat' dir='ltr'>ferro</span> <span class='ocrx_word' id='word_1_124' title='bbox 649 3751 705 3808; x_wconf 91' lang='lat' dir='ltr'>hoc</span> <span class='ocrx_word' id='word_1_125' title='bbox 719 3750 824 3827; x_wconf 80' lang='lat' dir='ltr'>(aperit</span> <span class='ocrx_word' id='word_1_126' title='bbox 836 3750 945 3808; x_wconf 88' lang='lat' dir='ltr'>ferrum</span> <span class='ocrx_word' id='word_1_127' title='bbox 957 3751 1035 3826; x_wconf 91' lang='lat' dir='ltr'>quod</span> <span class='ocrx_word' id='word_1_128' title='bbox 1048 3751 1122 3808; x_wconf 82' lang='lat' dir='ltr'>veste</span> <span class='ocrx_word' id='word_1_129' title='bbox 1135 3751 1255 3822; x_wconf 80' lang='lat' dir='ltr'>latebat)</span> 
     </span>
    </p>

    <p class='ocr_par' dir='ltr' id='par_1_19' title="bbox 486 3851 1183 3931">
     <span class='ocr_line' id='line_1_21' title="bbox 486 3851 1183 3931; baseline -0.004 -18"><span class='ocrx_word' id='word_1_130' title='bbox 486 3856 663 3931; x_wconf 84' lang='lat' dir='ltr'>Purpureum</span> <span class='ocrx_word' id='word_1_131' title='bbox 674 3852 762 3929; x_wconf 81' lang='lat' dir='ltr'>patris</span> <span class='ocrx_word' id='word_1_132' title='bbox 775 3851 932 3909; x_wconf 84' lang='lat' dir='ltr'>demfiisem</span> <span class='ocrx_word' id='word_1_133' title='bbox 944 3851 1051 3909; x_wconf 82' lang='lat' dir='ltr'>vertice</span> <span class='ocrx_word' id='word_1_134' title='bbox 1064 3852 1183 3922; x_wconf 88' lang='lat' dir='ltr'>crinem,</span> 
     </span>
    </p>

    <p class='ocr_par' dir='ltr' id='par_1_20' title="bbox 487 3952 1200 4031">
     <span class='ocr_line' id='line_1_22' title="bbox 487 3952 1200 4031; baseline -0.001 -16"><span class='ocrx_word' id='word_1_135' title='bbox 487 3959 550 4014; x_wconf 89' lang='lat' dir='ltr'>Ant</span> <span class='ocrx_word' id='word_1_136' title='bbox 559 3954 635 4014; x_wconf 87' lang='lat' dir='ltr'>mihi</span> <span class='ocrx_word' id='word_1_137' title='bbox 647 3952 779 4031; x_wconf 83' lang='lat' dir='ltr'>praesenti</span> <span class='ocrx_word' id='word_1_138' title='bbox 791 3952 959 4030; x_wconf 85' lang='lat' dir='ltr'>peperiisem</span> <span class='ocrx_word' id='word_1_139' title='bbox 971 3954 1086 4012; x_wconf 82' lang='lat' dir='ltr'>volnere</span> <span class='ocrx_word' id='word_1_140' title='bbox 1098 3954 1200 4014; x_wconf 87' lang='lat' dir='ltr'>letum.</span> 
     </span>
    </p>

    <p class='ocr_par' dir='ltr' id='par_1_21' title="bbox 524 4055 1244 4129">
     <span class='ocr_line' id='line_1_23' title="bbox 524 4055 1244 4129; baseline 0.001 -14"><span class='ocrx_word' id='word_1_141' title='bbox 524 4057 584 4115; x_wconf 85' lang='lat' dir='ltr'>Vix</span> <span class='ocrx_word' id='word_1_142' title='bbox 596 4057 658 4114; x_wconf 71' lang='lat' dir='ltr'>hoc</span> <span class='ocrx_word' id='word_1_143' title='bbox 671 4056 807 4124; x_wconf 82' lang='lat' dir='ltr'>ediderat,</span> <span class='ocrx_word' id='word_1_144' title='bbox 826 4073 903 4121; x_wconf 82' lang='lat' dir='ltr'>curn,</span> <span class='ocrx_word' id='word_1_145' title='bbox 923 4055 1004 4114; x_wconf 81' lang='lat' dir='ltr'>clade</span> <span class='ocrx_word' id='word_1_146' title='bbox 1016 4056 1151 4116; x_wconf 80' lang='lat' dir='ltr'>exterrita</span> <span class='ocrx_word' id='word_1_147' title='bbox 1164 4056 1244 4129; x_wconf 83' lang='lat' dir='ltr'>tristi,</span> 
     </span>
    </p>

    <p class='ocr_par' dir='ltr' id='par_1_22' title="bbox 486 4155 1100 4233">
     <span class='ocr_line' id='line_1_24' title="bbox 486 4155 1100 4233; baseline 0 -17"><span class='ocrx_word' id='word_1_148' title='bbox 486 4158 617 4217; x_wconf 76' lang='lat' dir='ltr'><strong>Intonsos</strong></span> <span class='ocrx_word' id='word_1_149' title='bbox 628 4158 722 4215; x_wconf 90' lang='lat' dir='ltr'>multo</span> <span class='ocrx_word' id='word_1_150' title='bbox 732 4157 863 4232; x_wconf 85' lang='lat' dir='ltr'>deturpat</span> <span class='ocrx_word' id='word_1_151' title='bbox 875 4155 991 4233; x_wconf 85' lang='lat' dir='ltr'>pulvere</span> <span class='ocrx_word' id='word_1_152' title='bbox 1004 4156 1100 4229; x_wconf 77' lang='lat' dir='ltr'>crinis,</span> 
     </span>
    </p>

    <p class='ocr_par' dir='ltr' id='par_1_23' title="bbox 487 4257 1147 4337">
     <span class='ocr_line' id='line_1_25' title="bbox 487 4257 1147 4337; baseline 0.003 -21"><span class='ocrx_word' id='word_1_153' title='bbox 487 4260 524 4316; x_wconf 88' lang='lat' dir='ltr'>Et</span> <span class='ocrx_word' id='word_1_154' title='bbox 537 4258 660 4337; x_wconf 82' lang='lat' dir='ltr'>graviter</span> <span class='ocrx_word' id='word_1_155' title='bbox 672 4257 773 4334; x_wconf 83' lang='lat' dir='ltr'>questu</span> <span class='ocrx_word' id='word_1_156' title='bbox 784 4257 888 4316; x_wconf 79' lang='lat' dir='ltr'>Carme</span> <span class='ocrx_word' id='word_1_157' title='bbox 901 4258 1050 4336; x_wconf 76' lang='lat' dir='ltr'>conploret</span> <span class='ocrx_word' id='word_1_158' title='bbox 1062 4260 1147 4320; x_wconf 82' lang='lat' dir='ltr'>anili=</span> 
     </span>
    </p>

    <p class='ocr_par' dir='ltr' id='par_1_24' title="bbox 485 4358 1187 4422">
     <span class='ocr_line' id='line_1_26' title="bbox 485 4358 1187 4422; baseline 0.004 -2"><span class='ocrx_word' id='word_1_159' title='bbox 485 4360 514 4420; x_wconf 94' lang='grc' dir='ltr'>Ο</span> <span class='ocrx_word' id='word_1_160' title='bbox 527 4359 600 4418; x_wconf 89' lang='lat' dir='ltr'>mihi</span> <span class='ocrx_word' id='word_1_161' title='bbox 614 4377 691 4417; x_wconf 88' lang='lat' dir='ltr'>nuno</span> <span class='ocrx_word' id='word_1_162' title='bbox 702 4358 807 4416; x_wconf 87' lang='lat' dir='ltr'>iterum</span> <span class='ocrx_word' id='word_1_163' title='bbox 820 4358 942 4418; x_wconf 79' lang='lat' dir='ltr'>crudelis</span> <span class='ocrx_word' id='word_1_164' title='bbox 954 4360 1062 4420; x_wconf 87' lang='lat' dir='ltr'>reddite</span> <span class='ocrx_word' id='word_1_165' title='bbox 1075 4363 1187 4422; x_wconf 80' lang='lat' dir='ltr'>Minoe!</span> 
     </span>
    </p>

    <p class='ocr_par' dir='ltr' id='par_1_25' title="bbox 487 4457 1130 4522">
     <span class='ocr_line' id='line_1_27' title="bbox 487 4457 1130 4522; baseline 0.003 -2"><span class='ocrx_word' id='word_1_166' title='bbox 487 4463 515 4520; x_wconf 95' lang='lat' dir='ltr'>O</span> <span class='ocrx_word' id='word_1_167' title='bbox 528 4462 634 4519; x_wconf 86' lang='lat' dir='ltr'>iterum</span> <span class='ocrx_word' id='word_1_168' title='bbox 646 4457 745 4517; x_wconf 72' lang='lat' dir='ltr'>nostrie</span> <span class='ocrx_word' id='word_1_169' title='bbox 758 4459 855 4517; x_wconf 79' lang='lat' dir='ltr'>Minoe</span> <span class='ocrx_word' id='word_1_170' title='bbox 867 4460 985 4520; x_wconf 88' lang='lat' dir='ltr'>inimice</span> <span class='ocrx_word' id='word_1_171' title='bbox 998 4463 1130 4522; x_wconf 73' lang='lat' dir='ltr'>senecta!</span> 
     </span>
    </p>

    <p class='ocr_par' dir='ltr' id='par_1_26' title="bbox 486 4561 1251 4642">
     <span class='ocr_line' id='line_1_28' title="bbox 486 4561 1251 4642; baseline 0.009 -22"><span class='ocrx_word' id='word_1_172' title='bbox 486 4565 604 4639; x_wconf 86' lang='lat' dir='ltr'>Semper</span> <span class='ocrx_word' id='word_1_173' title='bbox 615 4571 653 4630; x_wconf 92' lang='lat' dir='ltr'>et,</span> <span class='ocrx_word' id='word_1_174' title='bbox 674 4570 725 4620; x_wconf 78' lang='lat' dir='ltr'>ant</span> <span class='ocrx_word' id='word_1_175' title='bbox 736 4561 806 4619; x_wconf 89' lang='lat' dir='ltr'>olim</span> <span class='ocrx_word' id='word_1_176' title='bbox 821 4573 897 4632; x_wconf 82' lang='lat' dir='ltr'>nata,</span> <span class='ocrx_word' id='word_1_177' title='bbox 917 4581 936 4620; x_wconf 93' lang='lat' dir='ltr'>o</span> <span class='ocrx_word' id='word_1_178' title='bbox 948 4575 977 4622; x_wconf 89' lang='lat' dir='ltr'>te</span> <span class='ocrx_word' id='word_1_179' title='bbox 989 4576 1106 4642; x_wconf 85' lang='lat' dir='ltr'>propter</span> <span class='ocrx_word' id='word_1_180' title='bbox 1117 4567 1251 4640; x_wconf 84' lang='lat' dir='ltr'>eundem,</span> 
     </span>
    </p>

    <p class='ocr_par' dir='ltr' id='par_1_27' title="bbox 487 4662 1164 4742">
     <span class='ocr_line' id='line_1_29' title="bbox 487 4662 1164 4742; baseline 0.007 -20"><span class='ocrx_word' id='word_1_181' title='bbox 487 4667 549 4723; x_wconf 79' lang='lat' dir='ltr'>Aut</span> <span class='ocrx_word' id='word_1_182' title='bbox 561 4681 641 4723; x_wconf 85' lang='lat' dir='ltr'>amor</span> <span class='ocrx_word' id='word_1_183' title='bbox 652 4662 758 4721; x_wconf 65' lang='lat' dir='ltr'>insane</span> <span class='ocrx_word' id='word_1_184' title='bbox 770 4662 879 4721; x_wconf 65' lang='lat' dir='ltr'>luctum</span> <span class='ocrx_word' id='word_1_185' title='bbox 891 4665 1015 4742; x_wconf 80' lang='lat' dir='ltr'>portavit</span> <span class='ocrx_word' id='word_1_186' title='bbox 1026 4665 1164 4727; x_wconf 74' lang='lat' dir='ltr'>dumne!</span> 
     </span>
    </p>
   </div>
   <div class='ocr_carea' id='block_1_3' title="bbox 0 0 1754 6884">
    <p class='ocr_par' dir='ltr' id='par_1_28' title="bbox 0 0 1754 6884">
     <span class='ocr_line' id='line_1_30' title="bbox 0 0 1754 6884; baseline 0 0"><span class='ocrx_word' id='word_1_187' title='bbox 0 0 1754 6884; x_wconf 95' lang='lat' dir='ltr'> </span> 
     </span>
    </p>
   </div>
  </div>
 </body>
</html>
