3492 6884
474 1769 502 1810 r.
517 1762 580 1811 155·
792 1753 954 1814 crnls

475 1910 603 1985 Jurando
615 1908 717 1966 infelix
731 1910 926 1986 nequidquam
936 1909 1000 1988 jura'
1012 1907 1119 1986 piasses.

476 2012 522 2078 Et,
536 2010 554 2067 li
568 2009 633 2087 quis
646 2010 770 2069 nocuisse
784 2012 836 2069 tibi
849 2010 970 2088 perjuria
984 2011 1089 2078 credat,

476 2111 577 2170 Caussa
590 2111 703 2188 piacli:
727 2112 825 2169 timuit
837 2110 919 2170 fratri
934 2121 962 2169 te
975 2112 1119 2169 ostendere
1131 2110 1217 2187 Juno.

475 2216 518 2271 At
528 2213 599 2271 levis
611 2213 661 2270 ille
674 2214 752 2282 deus,
773 2213 820 2271 cui
835 2213 944 2288 semper
956 2214 992 2270 ad
1005 2211 1199 2270 ulciscendum

476 2315 626 2373 Quaeritur
638 2333 675 2371 ex
687 2314 768 2372 omni
782 2316 934 2372 verborum
946 2312 1051 2390 injuria
1064 2312 1149 2381 diuo,

477 2418 573 2475 Aurea
587 2416 713 2493 fulgenti
727 2418 895 2493 depromens
909 2416 964 2473 tela
976 2414 1119 2491 pharetrd,

476 2518 556 2576 Heu!
578 2518 702 2577 nimium
717 2519 808 2588 tereti,
829 2517 953 2575 nimium
965 2515 1120 2593 Tirynthia
1133 2512 1205 2581 visu,

475 2619 604 2698 Virginis
616 2620 647 2677 in
660 2621 757 2678 teneri
769 2620 909 2679 defixerat
919 2619 1017 2677 omnin
1030 2628 1137 2675 mente.

477 2723 554 2779 Ouae
567 2721 648 2779 simul
662 2741 695 2781 ac
707 2722 786 2780 venis
800 2721 891 2781 hausit
905 2722 1065 2779 sitientibus
1077 2720 1195 2796 ignem„

476 2825 515 2882 Et
528 2824 654 2882 validum
667 2823 781 2900 penitus
794 2824 926 2900 concepit
939 2824 969 2881 in
983 2822 1039 2881 ossa
1054 2822 1194 2891 furorem3

478 2928 556 2983 Saeva
569 2926 649 2983 velut
662 2924 764 3001 gelidis
777 2925 921 2983 Ciconum
933 2924 1053 2992 Bistonis
1066 2924 1096 2982 in
1109 2922 1174 2990 oris,

478 3026 572 3083 litare
584 3027 730 3084 barbarico
743 3026 866 3103 Cybeles
879 3025 1003 3084 antistita
1017 3029 1104 3096 buxo,

478 3125 586 3183 Infelix
600 3125 681 3202 virgo
695 3128 755 3184 tott
768 3127 924 3186 bacchatur
936 3127 967 3184 in
980 3129 1065 3185 urbe:

478 3228 548 3285 Non
562 3228 668 3303 styrace
681 3228 758 3285 Idaeo
769 3227 928 3305 fragrantes
942 3227 1030 3286 tinsla
1042 3227 1169 3304 capillos,

479 3329 603 3406 Cognita
617 3347 676 3386 non
690 3329 793 3388 teneris
806 3330 927 3406 pedibus
938 3328 1071 3406 Sicyonia
1085 3329 1206 3396 servans,
1222 3389 1224 3392 ,

478 3432 510 3489 N
511 3450 547 3488 on
562 3431 646 3489 niveo
659 3430 783 3488 retinens
797 3433 912 3488 baccata
925 3430 1044 3489 monilia
1056 3431 1141 3488 collo.

478 3534 610 3594 Multum
621 3531 666 3589 illi
679 3532 788 3589 incerto
802 3531 947 3608 tfepidant
960 3531 1078 3608 vestigia
1091 3531 1184 3588 cursu.

478 3638 557 3711 Saepe
570 3633 644 3691 redit
657 3633 762 3710 patrios
775 3612 944 3692 adscendere
956 3634 1065 3709 perdita
1079 3652 1188 3705 muros3

478 3738 638 3813 Airiasque'
649 3737 720 3793 facit
732 3736 854 3794 caussam
868 3735 897 3793 se
909 3735 998 3793 visere
1011 3745 1109 3793 turres.
1270 3723 1277 3736 ⁵

479 3842 558 3918 Saepe
570 3840 668 3906 etiam,
689 3837 774 3894 trisiis
787 3836 902 3894 volvens
915 3837 946 3893 in
960 3836 1043 3895 nofte
1056 3838 1192 3912 querelas,

479 3942 598 4006 Sedibus
611 3959 647 3998 ex
660 3937 726 3997 altis
737 3937 803 3996 coeli
816 3937 978 4014 speculatur
989 3957 1130 4011 amorem3

478 4044 632 4116 Castraque
644 4039 802 4118 prospettat
814 4040 918 4098 crebris
929 4040 1056 4098 lucentia
1065 4040 1199 4099 flammis.

479 4145 570 4204 Nulla
583 4144 679 4201 colum
693 4141 773 4199 novit
777 4166 786 4212 3
808 4159 907 4200 mmm
919 4160 973 4199 nec
986 4140 1100 4218 respicit
1113 4160 1227 4201 aurum:

481 4248 549 4305 Non
563 4255 663 4322 arguta
676 4243 777 4301 sonant
790 4243 871 4300 tenui
884 4243 1014 4320 psalteria
1027 4243 1146 4316 chordd3

480 4348 551 4406 Non
564 4348 674 4423 Libyco
686 4345 787 4403 molles
798 4344 976 4420 plauduntur
988 4345 1101 4421 petitine
1113 4345 1188 4404 telae.

481 4448 588 4507 Nullus
598 4449 629 4506 in
639 4465 688 4505 ore
700 4446 798 4503 rubor:
820 4443 960 4503 ubienim
970 4448 1066 4514 rubor,
1076 4447 1278 4505 obsistamori.

519 4552 628 4625 Atque,
647 4549 699 4606 ubi
711 4546 790 4605 nulla
803 4545 885 4604 mslis
897 4546 1001 4622 reperit
1013 4544 1111 4604 solatis
1124 4548 1220 4614 tantis,

480 4649 709 4724 stidulamqne
723 4648 800 4712 videt
812 4645 870 4707 labi
882 4664 934 4723 per
945 4645 1051 4705 viscera
1062 4657 1198 4707 mortem:
