3492 6884
526 1739 586 1802 2⁶4
767 1727 1045 1807 AENEIDOS,
1215 1748 1325 1799 mue

528 1898 662 1957 Insanum
675 1905 771 1956 vatem
784 1897 931 1976 adspicies,
951 1916 1016 1974 quae
1028 1915 1099 1975 rupe
1111 1894 1164 1955 sub
1175 1894 1235 1954 imi

525 2001 595 2060 Fata
609 2000 697 2071 canit,
718 2001 852 2077 foliisque
865 2011 956 2070 notas,
975 2010 1006 2058 et
1018 1999 1146 2067 nomina,
1165 1998 1292 2057 mundat.

524 2105 727 2179 Oqaecumque
740 2103 771 2160 in
784 2103 861 2161 foliis
875 2102 1020 2180 descripsu
1033 2101 1160 2161 canniua
1174 2100 1267 2178 virgo,

521 2204 638 2281 Digerit
648 2205 679 2262 iu
691 2224 854 2275 numerum,
864 2215 951 2282 atque
962 2211 1045 2263 antro
1056 2202 1160 2262 seclusa
1170 2201 1324 2279 relinquit:

522 2307 578 2366 Illa
592 2317 710 2366 manent
723 2308 833 2365 inmota
846 2307 925 2375 loeis,
939 2326 1033 2384 neque
1046 2308 1083 2366 ab
1095 2305 1196 2365 ordine
1208 2305 1327 2366 cedunt.

522 2411 635 2468 Verum
648 2411 758 2478 eadem,
772 2409 852 2468 verso
864 2410 959 2468 tenuis
972 2429 1064 2486 quum
1076 2408 1191 2467 cardine
1204 2417 1307 2466 ventur

523 2511 645 2589 Inpulit,
665 2521 695 2569 et
709 2521 819 2569 teneras
832 2511 959 2570 turbavit
966 2510 1056 2588 janua
1069 2510 1187 2581 frondis,

523 2614 696 2690 Numquam
709 2613 814 2671 deinde
827 2633 898 2673 cavo
911 2614 1060 2672 volitantia
1078 2613 1217 2691 prendere
1230 2612 1307 2683 saxo,

525 2716 592 2774 Nec
606 2734 736 2773 revocare
750 2716 826 2784 situs,
846 2726 896 2774 aut
905 2714 1028 2792 jungere
1041 2715 1168 2773 carmina
1180 2723 1271 2773 curat.

523 2816 684 2876 Inconsulti
697 2819 815 2886 abeunt,
835 2817 986 2893 sedemque
999 2818 1085 2876 odere
1098 2816 1225 2894 Sibyltae.

524 2919 585 2978 Hic
597 2919 652 2978 tibi
665 2938 702 2976 ne
715 2939 772 2996 qua
785 2938 872 2977 morae
885 2920 995 2977 fuerint
1006 2918 1155 2996 dispendia
1168 2918 1251 2989 tanti,

464 3034 466 3038 ’
525 3021 669 3081 Quamvis
681 3022 856 3099 increpitent
868 3021 938 3079 socii
951 3031 981 3079 et
993 3020 1022 3079 vi
1035 3020 1129 3079 rursus
1141 3021 1173 3079 in
1186 3021 1279 3079 altum

523 3125 598 3189 Vela
611 3135 723 3193 vocent,
743 3124 883 3201 poffisque
896 3124 972 3181 finus
984 3123 1093 3200 inplere
1105 3124 1256 3194 secundom

526 3228 608 3286 Quin
624 3228 706 3285 adeas
719 3238 824 3296 vatem,
844 3223 1032 3305 precibusque
1044 3226 1158 3285 oracula
1171 3226 1268 3303 poscas

523 3329 588 3407 Ipsa
600 3339 694 3399 canat,
706 3348 864 3405 vocemque
878 3329 985 3398 volens,
1005 3338 1091 3405 atque
1104 3347 1162 3397 ora,
1183 3327 1312 3389 resolvat.

523 3434 577 3491 tlla
591 3433 646 3491 tibi
661 3432 752 3490 Italiae
764 3432 894 3509 populos,
915 3444 1091 3507 venturaque
1105 3432 1189 3500 bella,

523 3538 571 3607 Et,
591 3556 649 3613 quo
662 3554 806 3612 quemque
824 3536 911 3592 modo
929 3534 1080 3611 fugiasque
1098 3533 1228 3609 ferasque
1245 3535 1324 3593 labo·

600 3657 672 3709 rem,

523 3739 680 3818 Expediet;
702 3739 854 3815 cursusque
869 3738 949 3796 dabit
962 3748 1096 3796 venerata
1110 3737 1257 3796 secundos.

521 3843 596 3900 Haec
609 3842 684 3911 sunt,
705 3862 769 3919 quae
782 3843 874 3900 nostru
887 3842 972 3898 liceat
985 3852 1014 3898 te
1026 3860 1094 3899 voce
1106 3841 1226 3899 moneri.

522 3945 604 4002 Vade
615 3965 677 4022 age,
688 3957 718 4003 et
726 3946 876 4021 ingentem
890 3943 971 4001 factis
982 3943 1025 4000 fer
1035 3944 1071 4000 ad
1082 3943 1187 4002 aethera
1195 3941 1322 4021 Trojatn.

561 4047 638 4104 Quae
652 4048 800 4123 postquam
813 4057 892 4103 vates
906 4046 943 4104 stc
956 4065 1005 4103 ore
1018 4044 1121 4103 effatus
1134 4044 1226 4103 amico
1241 4048 1290 4116 est,

519 4148 606 4208 Dona
620 4148 734 4217 dehinc,
755 4167 824 4205 auro
838 4148 946 4224 gravia,
967 4147 1098 4224 secioque
1111 4148 1274 4225 elephanto,

519 4252 646 4328 Imperat
659 4252 695 4308 ad
709 4251 791 4307 navis
805 4250 882 4319 ferri,
903 4251 1042 4327 stipatque
1055 4250 1158 4308 carinis

518 4353 626 4431 Ingens
640 4361 801 4430 argentum,
822 4354 1040 4428 Dodonaeosque
1053 4352 1170 4423 lebetas,
1213 4412 1218 4419 ,

519 4457 661 4524 Loricam,
681 4454 839 4513 consertam
851 4454 944 4512 hamis
957 4474 1083 4531 auroque
1097 4456 1230 4525 trilicem,

518 4558 557 4615 Et
570 4577 676 4615 conum
689 4556 808 4633 insignis
821 4557 919 4632 galeae,
939 4551 1093 4633 cristasque
1106 4560 1256 4629 comantis,

518 4661 608 4719 Anna
622 4660 823 4740 Neoptolemi=
846 4658 913 4716 sunt
926 4670 956 4716 et
969 4658 1018 4717 sua
1031 4660 1105 4718 dona
1117 4660 1246 4742 parenti:
