3492 6884
866 1785 1083 1852 κως.
1460 1779 1532 1837 ·L
1556 1779 1585 1838 1
1611 1777 1678 1837 Β.
1758 1778 1873 1837 111.
2346 1786 2466 1853 2⁵9

868 1934 1114 1994 Labitur
1124 1960 1141 2006 3
1182 1945 1243 1995 et
1267 1935 1442 2013 longo
1467 1934 1568 1995 vix
1596 1937 1828 1994 tandem
1855 1946 2112 2015 tempore
2136 1937 2319 1995 fatur:

868 2037 1099 2095 Verane
1126 2048 1184 2095 te
1208 2038 1401 2107 facies,
1440 2059 1605 2097 verus
1631 2040 1778 2098 mihi
1805 2040 2041 2097 nuntius
2067 2040 2270 2108 adfers,

872 2139 1031 2198 Nate
1056 2141 1197 2198 dea?
1239 2140 1492 2199 vivisne?
1535 2153 1654 2211 aut,
1697 2142 1738 2200 fi
1765 2142 1868 2200 lux
1893 2142 2044 2201 alma
2071 2142 2311 2213 recellit,

873 2242 1093 2301 Ηεᾶοτ
1118 2243 1219 2301 ubi
1245 2244 1359 2302 est?
1403 2244 1573 2315 dixit,
1611 2244 1989 2321 lacrimasque
2014 2244 2241 2315 effudit,
2268 2254 2327 2303 et
2352 2263 2477 2302 om—

1032 2366 1166 2405 nem

875 2448 1131 2524 Inplevit
1155 2451 1405 2508 clamore
1432 2450 1645 2509 locum.
1724 2449 1846 2509 Vix
1876 2469 2054 2529 pauca
2082 2450 2301 2509 furenti

875 2551 1148 2630 Subjicio,
1192 2563 1252 2611 et
1278 2554 1416 2611 raris
1443 2555 1703 2612 turbatus
1731 2553 1967 2612 vocibus
1993 2553 2187 2611 hisco:

879 2652 1029 2713 Vivo
1052 2655 1343 2731 equidem,
1361 2655 1659 2732 vitamque
1681 2666 1939 2714 extrema
1964 2675 2067 2733 per
2091 2656 2285 2715 omnia
2311 2658 2478 2714 duc0.

876 2757 976 2815 Ne
1000 2758 1232 2817 dubita:
1277 2772 1416 2817 nam
1441 2778 1571 2817 vera
1597 2758 1778 2818 vides.

877 2857 1040 2918 Heu!
1087 2860 1215 2937 quis
1242 2871 1298 2919 te
1324 2860 1499 2932 casus,
1540 2860 1818 2938 dejessam
1843 2860 2090 2938 conjuge
2117 2870 2296 2929 tanto,

878 2959 1146 3041 Excipit?
1188 2975 1289 3022 aut
1314 2983 1444 3040 quae
1470 2961 1647 3040 digna
1673 2962 1808 3022 satis
1836 2964 2083 3021 Fortuna
2114 2963 2338 3022 revifit?

876 3065 1144 3125 Hectoris
1168 3066 1595 3137 Andromache,
1627 3065 1887 3143 Pyrrhin’
1912 3066 2196 3124 connubia
2224 3064 2438 3123 servas?

877 3166 1108 3244 Dejecit
1134 3170 1375 3239 voltum,
1414 3180 1476 3227 et
1500 3167 1737 3227 demist}
1763 3187 1901 3226 voce
1925 3168 2116 3226 locuta
2142 3168 2247 3226 est:

878 3267 936 3328 Ο
963 3269 1108 3329 felix
1134 3289 1248 3329 una
1274 3281 1408 3329 ante
1434 3270 1573 3329 alias
1600 3269 1880 3329 Priameia
1907 3270 2088 3347 virgo,

879 3369 1166 3431 Hostilem
1192 3373 1267 3431 ad
1290 3373 1583 3453 tumulum
1606 3371 1798 3450 Trojae
1827 3372 1934 3430 sub
1960 3372 2246 3431 moenibus
2271 3372 2403 3431 altis

877 3475 1035 3553 Jussa
1059 3476 1226 3545 mori,
1265 3495 1394 3552 quae
1418 3474 1651 3534 sortitus
1676 3494 1792 3533 non
1817 3474 2059 3552 pertulit
2083 3475 2247 3543 ullos,

879 3580 1012 3638 Nec
1035 3577 1264 3637 viaoris
1288 3578 1414 3636 heri
1437 3577 1632 3655 tetigit
1655 3577 1881 3653 captiva
1906 3577 2123 3636 cubile!

880 3681 1043 3753 Nos„
1064 3682 1252 3761 patria
1277 3681 1526 3751 incenia,
1566 3680 1784 3740 diversa
1810 3700 1913 3758 per
1936 3700 2163 3757 aequora
2189 3681 2385 3750 vefiae,

880 3785 1086 3862 Stirpis
1111 3784 1392 3843 Achilleae
1415 3784 1607 3855 fastus,
1639 3779 2027 3862 juvenemque
2053 3783 2379 3861 superbum,

882 3887 1129 3946 Servitio
1153 3887 1360 3956 enixoe,
1399 3887 1669 3945 tulimust
1714 3886 1817 3963 qui
1846 3886 2072 3954 deinde,
2112 3886 2336 3946 secutus

886 3990 1154 4049 Ledaeam
1193 3988 1596 4058 Hermionem,
1641 3988 2222 4065 Lacedaemoniosque
2263 3990 2487 4069 Hyme-

1044 4111 1215 4161 naeos,

789 4167 813 4190 ·
888 4194 994 4253 Me
1018 4194 1240 4253 famulo
1266 4193 1662 4270 famulamque
1683 4193 1912 4252 Heleno
1939 4194 2250 4253 transmisit
2276 4195 2489 4254 baben·

516 4363 529 4383 ·
939 4297 1208 4470 uss-m,
1245 4409 1458 4475 ereptae
1485 4416 1697 4475 magno
1721 4397 2114 4457 inflammatus
2142 4418 2335 4458 amore

797 4509 805 4510 ’
889 4501 1190 4695 (bsh,
1229 4514 1288 4561 et
1313 4502 1590 4561 scelerum
1618 4499 1804 4559 Furiis
1829 4500 2097 4577 agitatus,
2137 4502 2362 4560 Orestes

1109 4619 1129 4663 ι
1150 4606 1471 4675 incautum,
1508 4603 1832 4682 patriasque
1855 4604 2161 4662 obtruncat
2186 4605 2258 4661 ad
2282 4622 2422 4664 atas,

793 4754 1009 4972 ’Ἃ
1125 4707 1485 4785 Neoptolemi
1512 4723 1821 4783 regnorum
1848 4705 2067 4772 reddita
2096 4705 2254 4764 ceffit

601 4979 957 5211 s&
