3492 6884
457 1826 571 1900 v.'627.'
772 1834 868 1892 LIB.
909 1833 934 1889 l.
1197 1840 1268 1905 209·

460 1984 559 2043 Quare
571 1985 659 2063 agite,
676 2007 695 2045 o
709 1988 789 2048 tedis
798 1987 931 2067 juvenes!
954 1987 1096 2045 succedite
1108 1986 1217 2045 uostris.

459 2086 511 2143 Me
524 2069 638 2164 quoque
650 2109 702 2166 per
714 2091 820 2149 multos
833 2090 932 2148 hmilis
945 2090 1060 2147 fortuna
1073 2090 1183 2148 labores
1228 2075 1231 2084 ¹

458 2187 599 2262 Jadiatam
612 2190 666 2248 hac
679 2192 796 2249 demum
810 2192 903 2250 voluit
915 2191 1060 2249 confistere
1074 2192 1158 2249 terri.

459 2290 528 2347 Non
541 2290 641 2366 ignara
654 2293 723 2351 mali
736 2293 846 2353 miseris
858 2294 1020 2352 succurrere
1032 2290 1120 2351 disco.

459 2392 505 2449 Sic
518 2404 671 2452 memorat:
694 2395 776 2454 srmul
790 2396 907 2454 AEnean
924 2396 955 2454 in
969 2395 1047 2471 regia
1060 2395 1141 2452 ducit

459 2493 566 2565 Tecta3
588 2495 670 2554 fimui
684 2497 782 2555 divom
795 2497 910 2574 templis
920 2497 1024 2554 indicit
1037 2497 1185 2555 honorem.

404 2622 406 2627 r
459 2596 525 2652 Nec
537 2596 633 2655 minus
646 2597 754 2657 interea
767 2599 849 2656 sociis
863 2601 901 2657 ad
913 2600 998 2657 litora
1011 2599 1103 2656 mittit

460 2698 575 2773 Viginti
589 2708 692 2768 tauros,
713 2720 884 2777 magnorum
897 2701 1041 2758 horrentia
1055 2711 1173 2759 centum

460 2800 554 2876 Terga
569 2800 662 2868 suum,
672 2802 788 2878 pinguis
802 2813 921 2861 centum
931 2821 999 2861 cum
1013 2803 1151 2861 matribus
1163 2794 1261 2879 agnos}

462 2903 584 2962 Munera
598 2905 785 2980 laetitiamque
798 2905 848 2963 dii.

500 3009 543 3063 At
556 3007 658 3064 domus
670 3007 798 3073 interior,
818 3008 908 3084 regali
922 3006 1067 3085 splendida
1082 3009 1164 3077 luxu,

397 3088 399 3092 ⁷
463 3107 630 3181 Instruitur3
651 3108 811 3185 mediisque
824 3121 925 3185 parant
937 3110 1067 3166 convivia
1081 3110 1173 3170 tediis.

461 3213 534 3266 Arte
547 3209 682 3268 laboratae
695 3211 792 3277 vestes,
811 3212 940 3287 ostroque
955 3211 1088 3287 superbo:

463 3312 568 3387 Ingens
581 3323 733 3389 argentum
747 3312 858 3379 mensu,
879 3313 1035 3389 caelataque
1048 3312 1078 3370 in
1093 3330 1163 3370 auro

462 3413 556 3471 Fortia
571 3415 645 3472 fado
658 3427 781 3491 patrum,
801 3414 885 3472 series
897 3414 1058 3491 longitiima
1070 3432 1176 3482 rerum,

463 3518 515 3573 Per
527 3527 571 3574 tot
584 3516 667 3574 duna
680 3516 756 3574 tiron
768 3517 887 3592 antiqui
900 3518 937 3574 ab
949 3516 1060 3592 origine
1074 3515 1177 3592 gentis.

501 3618 621 3686 AEneas,
641 3636 735 3694 neque
747 3619 827 3675 enim
838 3617 947 3695 patrius
959 3617 1106 3676 constitere
1118 3627 1247 3677 mentem

462 3719 556 3777 Potius
568 3689 656 3788 amor,
670 3720 802 3795 rapidum
815 3719 850 3778 ad
865 3718 943 3778 navis
955 3720 1104 3798 praemittit
1117 3721 1259 3791 Achaten,

463 3823 587 3881 Ascanio
599 3824 674 3882 serat
686 3824 762 3893 haec;
784 3822 934 3900 ipsumque
947 3824 983 3881 ad
996 3823 1103 3881 muenia
1116 3825 1215 3883 ducat:

462 3925 566 3984 Omnis
579 3926 610 3984 iu
624 3926 750 3985 Ascanio
763 3926 822 3983 cari
835 3925 888 3984 stat
900 3944 968 3983 cura
981 3926 1117 4002 parentis.

463 4029 587 4087 Munera
600 4039 745 4106 praeterea,
766 4029 860 4085 Iliacis
872 4038 969 4104 erepta
982 4027 1082 4096 ruinis,

464 4132 547 4188 Ferre
556 4128 654 4207 jubet:
677 4130 783 4207 pallam
798 4129 884 4206 signis
896 4148 1023 4206 auroque
1036 4129 1188 4206 rigentem,

465 4233 502 4290 Et
513 4232 734 4290 circumtextum
748 4251 848 4289 croceo
860 4232 990 4290 velamen
1004 4231 1135 4298 acantho,

464 4335 590 4392 Ornatus
602 4335 721 4411 Argivae
734 4335 870 4402 Heleuoe3
892 4353 963 4410 quos
976 4333 1026 4391 ilia
1040 4332 1183 4409 Mycenis,

465 4438 703 4513 Pergama-quum
715 4445 825 4512 peteret
837 4435 1066 4511 inconceffoaque
1077 4436 1261 4511 Hymenaeus,

466 4537 624 4603 Extulerut,
644 4538 743 4595 matria
757 4537 842 4594 Ledae
854 4536 986 4594 mirabile
998 4537 1117 4595 donum.

466 4644 602 4700 Proterea
615 4641 767 4719 sceptrum,
787 4641 879 4698 itione
891 4639 969 4715 quod
981 4638 1100 4716 gefferat
1111 4638 1192 4706 oiim,
1257 4651 1259 4656 ·

464 4745 606 4804 Maxuma
619 4753 751 4802 naturum
764 4740 867 4800 Priami
876 4765 884 4810 ;
905 4740 1036 4816 colloque
1048 4738 1156 4798 monile
1203 4801 1205 4806 ,
1257 4775 1261 4784 ·

853 4860 870 4900 r
