3492 6884
448 1762 475 1802 v.
487 1752 535 1804 ra.
756 1750 854 1810 ΜΒ.
894 1753 934 1811 11.
1161 1740 1164 1746 ’
1188 1761 1242 1824 721
1336 1743 1344 1840 ’γ

449 1899 574 1958 Creditis
586 1902 697 1962 avedos
709 1903 810 1965 hostis?
831 1919 882 1967 ant
894 1909 953 1966 ulla
967 1908 1074 1985 putatis

449 2004 533 2062 Dona
547 2023 642 2063 carere
655 2007 726 2065 dolis
739 2009 893 2067 Danaum?
915 2010 952 2067 src
966 2019 1050 2069 notus
1063 2011 1183 2069 Ulixes?

448 2106 511 2174 Aut
524 2106 579 2165 hoc
593 2107 694 2166 inclusi
707 2109 788 2187 liguo
800 2112 981 2170 occultantur
993 2113 1111 2182 Achivi,

450 2209 513 2267 Aut
526 2208 588 2268 haec
600 2210 631 2268 in
645 2212 750 2271 nostros
763 2213 900 2272 fabricata
914 2215 953 2272 est
966 2215 1099 2273 machina
1112 2234 1216 2284 muros,

449 2311 614 2389 Inspeetura
627 2314 735 2385 domos,
756 2327 931 2393 venturaque
943 2317 1062 2394 desuper
1075 2317 1154 2387 urbi;
1225 2365 1229 2375 .

449 2416 512 2486 Aut
526 2415 629 2491 aliquis
642 2416 711 2475 latet
724 2436 814 2476 error:
836 2437 911 2495 equo
924 2438 961 2477 ne
974 2418 1090 2486 credite,
1103 2419 1217 2478 Teucri.

450 2517 603 2594 Quidquid
616 2518 707 2588 idest,
727 2520 817 2578 timeo
829 2522 945 2579 Danaos
956 2531 987 2579 et
999 2521 1072 2579 dona
1086 2520 1211 2579 ferentin.

450 2620 496 2678 Sic
510 2620 597 2690 fatus,
617 2622 717 2679 validis
729 2622 880 2700 ingentem
892 2622 1000 2681 viribus
1011 2622 1120 2682 hastam

449 2725 486 2791 In
498 2724 581 2794 latus,
602 2724 691 2802 inque
704 2725 766 2795 seri,
786 2745 903 2784 curvam
915 2726 1101 2803 conpagibus,
1121 2725 1219 2785 alvum

450 2827 604 2885 Centorsrt.
645 2827 730 2886 Stetit
743 2827 793 2888 illa
806 2839 940 2895 tremens,
960 2840 1098 2905 uteroque
1110 2828 1217 2887 recusso

449 2927 604 2987 Insonuere
616 2948 693 2987 cavae
706 2929 905 3006 gemitumque
917 2930 1020 2990 dedere
1033 2949 1168 2990 cavernae.

449 3034 496 3103 Et,
518 3033 611 3090 srsata
625 3033 722 3101 deum,
742 3033 855 3091 fimens
868 3051 927 3090 non
940 3033 1011 3092 laeva
1025 3033 1130 3104 suiffet,

449 3135 597 3212 Inpulerat
609 3134 683 3193 ferro
696 3135 845 3211 Argolicas
858 3134 965 3193 foedare
977 3136 1112 3207 latebram

448 3235 593 3313 Trojaque
607 3255 684 3294 nunc
696 3236 788 3305 stares,
803 3236 964 3313 Priamique
976 3257 1027 3295 arx
1039 3240 1095 3297 alta
1108 3257 1246 3297 maneres.

488 3339 575 3396 Eece!
592 3358 693 3396 manus
701 3337 838 3416 juvenem
847 3338 957 3397 interea
969 3340 1031 3417 post
1043 3350 1123 3419 terga
1136 3342 1247 3399 revinc-

570 3451 632 3499 tum

448 3543 573 3602 Pastorer
586 3562 693 3621 magno
706 3544 741 3602 ad
754 3561 852 3620 regern
864 3543 989 3602 clamore
1006 3543 1157 3603 trahebant

449 3644 636 3704 Dardanidae:
658 3645 709 3721 qui
722 3645 751 3703 se
764 3644 898 3722 ignotum
910 3645 1091 3705 venientibus
1103 3648 1188 3716 ultro,

448 3749 514 3805 Hoc
527 3747 620 3825 ipsum
632 3756 666 3806 ut
679 3748 806 3815 strueret,
822 3745 997 3825 Trojamque
1015 3748 1138 3826 aperiret
1154 3748 1246 3809 Achi-

526 3869 579 3920 vra,

449 3951 617 4024 Obtulerat3
638 3951 729 4010 fidens
742 3951 842 4021 animi,
856 3960 943 4027 atque
955 3951 986 4010 iu
999 3962 1152 4030 utrumque
1163 3973 1245 4032 paru·

527 4064 583 4120 tus,
1219 4120 1221 4123 .

448 4158 504 4219 Seu
516 4156 625 4215 versare
638 4156 726 4227 dolor,
747 4155 796 4213 seu
810 4163 895 4214 certe
907 4159 1076 4216 occumbere
1088 4159 1184 4219 morti.

446 4258 595 4334 Undique,
614 4257 724 4317 visendi
741 4258 840 4327 studio,
859 4257 984 4334 Trojana
992 4258 1128 4337 juventur

447 4360 629 4423 Circumfusa
642 4360 709 4428 ruit,
728 4370 897 4436 certantque
909 4360 1040 4420 inludere
1052 4375 1145 4440 capto.

447 4465 560 4541 Adcipe
574 4484 650 4525 nunc
663 4464 798 4522 Danaum
811 4463 934 4532 infidias,
947 4474 978 4522 et
990 4464 1111 4525 crimine
1123 4469 1160 4524 ab
1172 4486 1231 4527 uno

448 4566 535 4625 Disce
547 4566 648 4624 omnis.
1088 4602 1092 4614 ι

446 4669 592 4745 Namque,
599 4677 633 4729 nt
645 4666 795 4746 nonspedtu
806 4666 837 4728 in
850 4665 956 4738 medio,
967 4671 1105 4741 turbatus,
1117 4670 1244 4752 inermia,
