3492 6884
461 1779 571 1832 uaoa.
769 1769 869 1831 utu.
908 1770 950 1832 11.
1196 1783 1254 1848 227

463 1928 619 2006 Adcipiens
632 1927 755 1986 sonitum
770 1927 828 1987 sari
842 1929 878 1986 de
891 1929 996 1987 vertice
1008 1929 1107 2007 pallor.

462 2031 540 2089 Tum
553 2051 619 2089 veto
632 2031 779 2090 manifesta
793 2031 871 2099 fides,
892 2032 1082 2109 Danaumque
1093 2032 1245 2111 patescunt

462 2133 584 2191 Insrdiae.
623 2135 689 2210 Jam
702 2134 846 2211 Deiphobi
859 2134 938 2192 dedit
951 2136 1046 2212 ampla
1058 2137 1180 2206 ruinam,

462 2237 593 2295 Volcano
606 2237 764 2314 superante,
784 2238 898 2294 domus:
916 2236 977 2313 jam
991 2257 1146 2314 proxumus
1159 2241 1240 2299 ardet

462 2340 627 2417 Ucalegon:
650 2341 731 2417 Sigea
746 2341 809 2417 igni
823 2341 896 2399 srcta
910 2340 967 2398 lata
981 2341 1118 2400 relucent.

461 2443 597 2502 Exoritur
609 2443 772 2519 clamorque
786 2441 892 2511 virum,
911 2443 1084 2521 clangorque
1101 2448 1246 2506 tubarum.

461 2548 553 2605 Arma
566 2566 663 2605 amens
675 2546 772 2623 capi05
795 2564 848 2603 nec
862 2547 905 2603 sat
917 2546 1035 2604 rationis
1047 2547 1078 2604 in
1092 2548 1189 2618 annin

461 2649 515 2708 Sed
529 2650 687 2727 glomerate
706 2668 826 2707 manum
840 2648 924 2720 bello,
944 2661 974 2706 et
988 2668 1154 2709 concurrere
1168 2652 1198 2710 io
1212 2669 1257 2710 ar·

536 2773 611 2822 cem,

460 2856 537 2914 Cum
549 2855 639 2924 sociis,
652 2857 752 2913 ardent
765 2853 871 2911 animi:
895 2853 974 2911 furor
986 2854 1086 2931 iraque
1100 2869 1228 2916 mentem

460 2959 654 3035 Praecipitant3
666 2956 876 3035 pulchrumque
887 2957 959 3013 mori
971 2957 1108 3017 succurrit
1118 2959 1148 3017 in
1159 2961 1255 3019 armis.
1308 2983 1310 2988 ’

498 3062 584 3119 Ecce!
607 3073 704 3120 autem
718 3059 782 3116 telis
797 3059 922 3118 Panthus
935 3060 1045 3137 elapsus
1058 3063 1211 3133 Athis-om,

459 3162 585 3221 Panthus
597 3161 767 3238 Othryades,
787 3162 858 3219 arcis
873 3163 1030 3238 Phoebique
1041 3163 1175 3233 sacerdos,

457 3266 540 3323 Sacra
553 3283 650 3333 manu,
665 3265 810 3340 victosque
822 3265 898 3333 deos,
917 3283 1093 3341 parvumque
1107 3279 1241 3344 nepotem

457 3368 521 3444 lpse
533 3368 632 3436 trahit,
650 3368 789 3444 cursuque
802 3386 898 3424 amens
910 3368 946 3424 ad
959 3367 1059 3426 limina
1073 3369 1174 3430 tendit.

458 3471 527 3528 Quo
547 3489 591 3528 tea
609 3470 718 3529 summa
737 3471 810 3540 loco,
832 3470 961 3527 Panthu?
982 3490 1070 3547 quam
1087 3474 1252 3549 prendimus

533 3576 646 3632 arcem?

456 3676 516 3734 Vix
528 3676 651 3735 casatus
663 3695 750 3744 eram,
770 3675 881 3752 gemitu
894 3695 984 3764 opum
998 3677 1065 3735 talia
1079 3679 1186 3737 reddit:

455 3779 546 3838 Venit
558 3779 668 3837 summa
681 3778 750 3845 dies,
768 3788 799 3836 et
811 3777 995 3838 ineluciabile
1013 3790 1133 3856 tempus,

455 3882 617 3943 Dardania.
657 3882 775 3940 Fuimus
784 3882 886 3940 Tto'es:
908 3882 965 3940 suit
976 3883 1073 3952 Ilium,
1092 3895 1122 3941 et
1135 3885 1237 3962 ingens

455 3985 553 4044 Gloria
564 3986 754 4045 Teucrorum:
777 3985 853 4042 setus
863 3985 961 4042 omnia
973 3985 1105 4062 Juppiter
1116 3988 1211 4064 Argos

454 4088 624 4148 Transtulit:
647 4087 763 4146 incensi
775 4088 870 4146 Danai
883 4088 1067 4147 dominantur
1079 4089 1109 4146 iu
1123 4090 1204 4149 urbe.

455 4191 571 4249 Arduus
583 4201 705 4250 attuatos
718 4191 862 4249 mediisin
877 4192 1018 4249 moenibus
1031 4191 1141 4251 addans

455 4294 562 4352 Fundit
574 4313 674 4370 equus,
693 4293 838 4370 videtque
854 4293 941 4352 Sinon
956 4294 1089 4353 incendia
1102 4296 1210 4366 miscet,

456 4395 606 4454 Insultans.
646 4398 737 4454 Portis
748 4397 797 4455 alii
811 4397 1006 4473 bipatentibus
1017 4397 1128 4466 adsunt,

454 4499 551 4557 Millia
562 4509 634 4575 quot
647 4500 758 4577 magnis
769 4518 908 4576 umquam
922 4519 1023 4559 venete
1035 4500 1176 4579 Mycenis.

454 4600 598 4660 Obsedere
611 4602 660 4661 alii
675 4603 739 4660 telis
750 4603 866 4679 angusta
881 4603 991 4661 viarum

456 4703 601 4782 Oppoliti:
623 4704 676 4765 liat
688 4704 756 4764 ferri
769 4705 843 4765 acies
856 4725 992 4766 mucrone
1004 4704 1128 4777 mntsoo,
