3492 6884
518 1783 579 1845 256
779 1781 1057 1855 AENEIDOS,
1206 1784 1314 1858 v'.227.

515 1940 723 2019 Diripiuntque
741 1941 835 2018 dapes,
854 1939 1152 2017 contuituqueomuia
1164 1940 1276 1999 soedant

515 2044 674 2102 Inmnndo:
697 2053 762 2101 tum
774 2062 830 2101 vox
844 2055 951 2101 tetrum
964 2044 1024 2101 dira
1037 2043 1114 2101 iuter
1125 2042 1252 2101 odorem.

515 2144 640 2203 Rursum
653 2146 684 2203 in
699 2145 801 2204 secessu
815 2147 912 2224 longo,
933 2146 986 2203 sub
1003 2164 1072 2222 rupe
1086 2146 1195 2216 cavati,

514 2248 674 2307 Arbon'bus
686 2248 771 2307 clausi
782 2248 900 2317 circum,
910 2259 997 2324 atque
1006 2247 1188 2307 horrentibus
1195 2246 1313 2319 umbris,

513 2350 682 2408 Instruimus
695 2349 813 2419 mensas,
833 2350 945 2427 arisque
957 2335 1121 2428 reponimus
1132 2350 1241 2429 ignem.

513 2452 637 2512 Rursum
649 2472 686 2511 es
699 2452 809 2511 diverso
821 2453 896 2523 ooeli,
917 2454 1055 2530 caecisque
1067 2453 1191 2522 latebris,
1220 2493 1224 2499 -

470 2569 478 2585 ·
512 2553 612 2615 Turba
625 2556 726 2615 sonans
743 2557 869 2634 praedam
883 2556 1002 2633 pedibus
1015 2556 1200 2616 circumvolat
1213 2556 1310 2616 uncist

513 2658 620 2719 Polluit
632 2678 680 2717 ore
693 2660 788 2737 dspes.
829 2659 918 2718 Sociis
932 2672 1010 2728 tunc,
1030 2640 1107 2718 arma
1120 2660 1271 2737 onpeffsut,

512 2760 611 2830 Edico,
631 2772 661 2818 et
675 2762 736 2819 diri
749 2762 859 2819 bellum
872 2781 941 2820 cum
954 2773 1040 2840 gente
1053 2763 1220 2839 gerendum.

511 2863 601 2924 Haud
615 2864 693 2922 secus
706 2883 739 2922 nc
748 2862 813 2941 juffi
829 2864 950 2933 faciunt,
971 2864 1115 2942 teuosque
1129 2884 1182 2941 per
1194 2865 1311 2925 herbam

411 3017 414 3025 .
511 2966 678 3045 Disponuut
690 2967 771 3037 ensis,
791 2977 821 3025 et
834 2966 913 3026 scuta
926 2966 1046 3025 latentia
1059 2968 1196 3026 condunt.

511 3070 597 3148 Ergo,
618 3069 669 3129 ubi
682 3069 803 3146 delapsae
817 3070 943 3128 sonitum
954 3088 1006 3146 per
1017 3088 1102 3128 curva
1116 3070 1219 3129 dedere

511 3172 620 3243 Litora,
640 3173 690 3231 dat
705 3174 815 3250 siguum
829 3172 943 3249 speculi
956 3170 1086 3231 Misenus
1098 3174 1135 3231 ab
1148 3174 1206 3232 atu

511 3275 585 3335 AEre
598 3295 682 3334 cavo:
704 3275 845 3335 invadunt
858 3274 936 3343 socii,
950 3285 979 3331 et
991 3293 1063 3333 novo
1075 3275 1174 3353 proelis
1188 3285 1310 3348 tentant,

511 3376 656 3438 Obsceuas
669 3378 764 3456 pelagi
778 3379 854 3436 serro
867 3378 973 3435 sudare
986 3377 1123 3436 volucres.

512 3482 567 3539 Sed
581 3500 674 3558 neque
689 3482 747 3539 vim
760 3480 866 3557 plumis
879 3480 978 3549 ullam,
999 3499 1052 3541 nec
1065 3480 1179 3539 volnera
1193 3491 1282 3559 tergo,
1352 3485 1354 3490 '

510 3584 673 3661 Adcipiunt
681 3610 689 3653 ;
711 3583 854 3659 celerique
867 3582 939 3659 fug&
953 3582 1004 3640 sub
1018 3583 1105 3640 sidera
1119 3582 1204 3642 labsae

510 3685 654 3745 Semesam
666 3687 801 3763 praednm,
821 3696 852 3743 et
864 3683 982 3761 vestigia
995 3684 1080 3755 soeds,
1100 3685 1276 3763 relinquunt.

509 3789 578 3847 Una
586 3789 623 3845 iu
636 3789 767 3866 praecelsi
780 3787 909 3845 consedit
922 3806 992 3865 rupe
1006 3788 1131 3856 Celaeuo,

510 3892 616 3950 Infelix
632 3902 709 3949 vates
714 3917 723 3963 3
746 3890 910 3968 rumpitque
924 3890 998 3947 hanc
1010 3892 1122 3967 petitore
1135 3910 1248 3949 vooem:

549 3994 661 4051 Bellum
670 3994 757 4051 etiam
766 4012 817 4069 pro
825 3994 902 4050 caede
913 3994 1009 4061 boum,
1020 3992 1167 4069 stratisque
1171 3992 1309 4071 juvencis,

509 4095 770 4164 Laomedontiadas,
789 4094 938 4153 bellumne
950 4095 1057 4152 inserte
1071 4096 1185 4172 paratis,

509 4200 548 4258 Et
559 4199 652 4275 patrio
666 4198 808 4273 Harpyias
821 4196 941 4255 insontis
954 4197 1060 4274 pellere
1073 4201 1178 4275 regno?

509 4300 648 4377 Adcipite
659 4319 727 4377 ergo
741 4299 852 4370 animis,
873 4311 960 4376 atque
972 4299 1033 4357 haec
1047 4319 1109 4358 mea
1124 4301 1205 4377 figite
1217 4303 1305 4361 dista:

510 4405 587 4463 Quae
618 4404 724 4461 Phoebo
756 4413 837 4479 pater
867 4403 1057 4479 omnipotens,
1088 4403 1163 4461 mihi
1186 4405 1307 4464 Phoebus

587 4507 702 4585 Apollo,

509 4610 652 4681 Praedixit,
672 4609 752 4667 vobis
766 4607 914 4666 Furiarum
928 4627 983 4685 ego
996 4607 1121 4667 maxima
1134 4611 1239 4687 pando.
1365 4643 1368 4648 ·

508 4714 624 4773 ltaliam
636 4713 721 4772 cursu
734 4711 831 4791 petitis
836 4736 845 4784 ;
866 4710 1017 4787 ventisque
1029 4713 1136 4771 vocatis
