3492 6884
528 1811 588 1871 206
794 1810 1071 1882 AENEIDOS,
1220 1817 1325 1870 usu.

529 1967 592 2024 Rex
605 1977 665 2025 erat
678 1966 787 2026 AEneas
800 1968 892 2036 nobia,
912 1988 971 2044 quo
978 1968 1079 2046 justior
1091 1969 1172 2035 alter,

528 2068 593 2127 Nec
606 2068 712 2147 pietate
724 2070 790 2141 suit,
811 2089 864 2130 nec
878 2072 954 2130 bello
966 2070 1065 2149 major,
1084 2080 1114 2128 et
1127 2069 1227 2128 armis:

530 2170 628 2229 Quem
642 2171 662 2228 sa
675 2172 733 2231 sata
747 2173 842 2231 virum
855 2173 976 2241 servant,
997 2174 1017 2230 si
1030 2173 1153 2231 vescitur
1165 2172 1235 2230 aura

527 2272 672 2343 AEtherii,
685 2293 777 2351 neque
789 2276 884 2333 adhuc
895 2276 1057 2334 crudelibus
1070 2277 1191 2333 occubat
1203 2273 1326 2346 umbrie,

528 2375 598 2434 Non
611 2386 714 2445 metue,
733 2378 831 2435 officio
843 2397 880 2435 ne
892 2389 922 2435 te
935 2377 1051 2436 certalse
1064 2378 1190 2454 priorem

529 2478 679 2538 Poeniteat.
719 2480 790 2537 Sunt
803 2489 833 2537 et
847 2478 949 2537 Siculis
959 2479 1125 2556 regionibus
1137 2481 1230 2547 urbes,

529 2580 674 2655 Arvaque,
693 2579 875 2658 Trojanoque
888 2601 904 2639 a
918 2581 1056 2658 sanguine
1069 2581 1161 2639 clarus
1173 2580 1297 2639 Aoester.

530 2683 698 2740 Qualiatam
710 2683 811 2752 ventis,
830 2683 917 2742 liceat
929 2683 1084 2742 subducere
1096 2683 1220 2752 clallem,

529 2784 567 2842 Et
579 2783 654 2842 salvia
667 2794 763 2860 aptare
777 2788 878 2855 trabes,
898 2796 929 2844 et
942 2785 1077 2863 stringere
1089 2804 1191 2843 remos.

530 2887 560 2944 Si
573 2887 657 2944 datur
670 2887 792 2957 ltaliam,
812 2887 894 2946 sociis
907 2899 937 2946 et
950 2908 1017 2965 rege
1029 2898 1152 2965 recepto,

529 2988 669 3056 Tendere,
683 2998 716 3045 ut
729 2989 843 3048 ltaliam
854 2990 914 3047 laeti
927 2991 1100 3066 Latiumque
1112 3000 1256 3066 petamus:

530 3090 580 3148 Sin
593 3089 721 3149 absumta
740 3091 822 3160 salus,
842 3102 872 3149 et
887 3102 924 3160 te,
943 3102 1025 3170 pater
1041 3102 1160 3169 optume
1171 3091 1328 3161 Teucrum,

529 3195 634 3252 Pontus
648 3194 734 3252 habet
749 3195 857 3272 Libyae,
879 3214 932 3253 nec
946 3195 1005 3272 sper
1012 3195 1073 3272 jam
1087 3195 1171 3254 rellat
1183 3195 1255 3268 Iuli,

530 3297 572 3353 At
586 3295 659 3355 freta
673 3297 793 3355 Sicaniae
806 3296 916 3365 saltem,
937 3297 1070 3374 sedesque
1083 3308 1203 3375 paratae,

530 3397 617 3456 Unde
629 3398 687 3457 huc
701 3399 819 3467 advedti,
841 3418 996 3476 regemque
1008 3412 1138 3476 petamus
1151 3401 1284 3459 Acesten.

567 3501 688 3559 Talibus
702 3501 841 3559 Ilioneus:
864 3501 962 3560 cundi
980 3502 1061 3560 simul
1074 3522 1123 3561 ore
1136 3502 1298 3562 fremebant

529 3603 711 3661 Dardanidae.

568 3707 646 3765 'I'um
658 3707 780 3764 breviter
793 3707 880 3777 Dido,
896 3709 1007 3765 voltum
1019 3708 1145 3778 demilsa,
1165 3710 1305 3786 profatur:

530 3809 635 3868 Solvite
648 3811 733 3867 corde
747 3819 866 3879 metum,
880 3810 1001 3880 Teucri;
1024 3809 1160 3869 secludite
1172 3831 1264 3870 curas.

531 3912 586 3968 Rea
599 3913 669 3969 dura
682 3921 711 3970 et
725 3912 807 3989 regni
822 3912 931 3969 novitas
944 3931 991 3970 me
1005 3913 1072 3971 talia
1085 3924 1194 3990 cogunt

532 4013 642 4083 Moliri,
664 4023 693 4071 et
706 4015 763 4071 late
776 4014 841 4071 finis
854 4015 967 4071 custode
981 4015 1066 4073 tueri.

532 4114 608 4172 Quis
622 4134 711 4190 genus
724 4115 899 4184 AEneadum,
913 4117 977 4192 quis
991 4116 1086 4194 Trojae
1099 4118 1205 4176 nesciat
1217 4121 1327 4189 urbem,

531 4216 728 4292 Virtutesque,
742 4217 883 4293 virosque,
903 4229 953 4276 aut
967 4221 1039 4276 tanti
1053 4220 1183 4278 incendia
1198 4222 1281 4280 belli?

531 4319 600 4376 Non
614 4318 713 4375 obtusa
727 4319 797 4376 adeo
811 4319 951 4395 gestamus
963 4321 1075 4396 pedlora
1090 4322 1178 4392 Poeni,

531 4421 597 4478 Nec
612 4430 669 4477 tarn
683 4421 794 4477 aversus
807 4440 895 4496 equos
907 4422 996 4497 Tyn'd
1009 4423 1055 4480 Sol
1064 4422 1164 4500 jungit
1177 4427 1214 4481 ab
1229 4426 1309 4484 urbe.

532 4524 586 4580 Seu
600 4542 648 4579 vos
662 4523 837 4598 Hesperiam·
845 4543 980 4599 magnam
994 4526 1180 4601 Saturniaque
1192 4545 1267 4597 arva,

531 4625 596 4682 Sive
610 4624 709 4702 Erycis
722 4624 787 4683 finis
801 4644 956 4702 regemque
968 4627 1072 4702 optatis
1086 4628 1223 4698 Acestem

531 4727 652 4787 Auxilio
666 4737 742 4786 tutos
755 4727 911 4799 dimittam,
930 4728 1089 4805 opibusque
1096 4728 1214 4806 juvabo.
