3492 6884
485 1783 572 1845 v.47.
743 1775 1022 1847 MORETUM,
1224 1785 1276 1838 181

486 1931 636 1988 Interdum
649 1949 763 2007 grumos
776 1931 882 2009 spargit
895 1933 965 1989 sale:
986 1931 1103 2009 jamque
1116 1932 1261 1990 subsitum

486 2032 586 2090 Laevat
597 2051 676 2108 opus,
696 2034 853 2110 palmisque
866 2039 947 2092 suum
961 2034 1061 2092 dilatat
1073 2035 1102 2091 in
1116 2036 1223 2104 orbem,

487 2133 525 2190 Et
539 2144 628 2204 notat,
648 2134 776 2211 inprcffia
789 2155 871 2210 aequo
885 2134 1046 2193 discrimine
1059 2136 1181 2211 quadris.

486 2235 578 2293 lnfcrt
591 2236 659 2293 inde
671 2237 748 2293 loco:
771 2237 881 2313 Cybale
893 2238 1079 2294 mundaverat
1091 2245 1190 2312 aptum

486 2338 567 2394 Ante
579 2336 690 2407 locum;
712 2337 843 2413 testisque
856 2339 938 2414 tegit,
959 2337 1042 2414 super
1054 2349 1171 2414 aggerat
1191 2339 1283 2414 ignea.

491 2439 627 2514 Dumque
640 2439 701 2496 suar
713 2440 824 2516 peragit
836 2440 991 2508 Vulcanus,
1005 2440 1154 2515 Vestaque,
1173 2449 1265 2516 parter
1273 2464 1283 2511 5

487 2539 613 2596 Simulus
625 2538 734 2597 interea
746 2541 834 2597 vacui
847 2560 905 2598 non
919 2540 1003 2598 cessat
1015 2542 1045 2598 in
1058 2541 1141 2612 borl3

488 2641 600 2698 Verum
614 2641 699 2698 aliam
711 2641 762 2698 fibi
775 2643 876 2718 quaerit
890 2662 987 2718 opem5
1013 2661 1068 2700 neu
1082 2642 1138 2700 sola
1151 2641 1247 2719 palato

488 2743 531 2800 Sit
544 2761 600 2800 non
614 2754 693 2818 grata
706 2744 801 2813 Ceres,
813 2763 883 2820 quas
891 2742 1005 2820 jungat,
1025 2753 1160 2821 conparat
1172 2744 1257 2803 escas.

488 2844 557 2901 Non
571 2844 612 2902 illi
628 2843 758 2921 suspensa
770 2845 867 2903 focum
878 2848 1003 2904 carnaria
1013 2844 1106 2923 juxta,

488 2946 590 3004 Durati
605 2944 661 3003 sale
675 2957 753 3023 terga
767 2945 831 3016 suis,
853 2947 1012 3021 truncique.
1035 2949 1186 3005 vacabant:

487 3045 635 3123 Trajedlus
647 3046 775 3104 medium
789 3046 882 3122 sparto
895 3047 942 3104 sed
955 3047 1050 3106 caseus
1063 3049 1172 3119 orbem,

488 3150 526 3206 Et
539 3157 621 3205 vetus
632 3148 755 3205 adstridi
767 3147 850 3206 fascis
862 3150 1005 3224 pendebat
1017 3150 1123 3206 anethi.

489 3252 566 3326 Ergo
579 3249 664 3307 aliam
676 3249 794 3306 molitur
806 3269 892 3325 opem
904 3250 954 3308 fibi
967 3251 1100 3326 providus
1112 3249 1203 3308 heros.

527 3352 636 3409 Hortus
649 3360 710 3408 erat
722 3350 823 3408 casulae
832 3350 957 3428 jundius,
971 3370 1057 3426 quem
1068 3352 1174 3409 vimina
1185 3368 1286 3427 pauca,

489 3456 526 3512 Et
540 3455 651 3512 calamo
663 3454 786 3511 recidiva
798 3454 853 3510 levi
867 3453 998 3510 munibat
1011 3454 1134 3524 arund05

489 3558 618 3634 Exiguus
632 3556 731 3634 spatio,
751 3556 835 3614 variis
848 3553 896 3612 sed
910 3545 1010 3612 fertilis
1024 3554 1128 3614 herbis.

489 3660 559 3718 Non
572 3658 614 3716 ilii
628 3658 733 3726 deerat,
752 3658 829 3732 quod
841 3657 971 3733 pauperis
984 3656 1074 3733 exigit
1088 3655 1162 3714 usus.

489 3761 639 3820 Interdum
650 3759 776 3836 locuples
789 3777 805 3816 a
818 3776 942 3835 paupere
955 3758 1046 3815 multa
1059 3759 1188 3834 petebat:

490 3862 554 3920 Nec
567 3862 674 3920 sumtus
687 3873 747 3918 erat
759 3859 843 3936 hujus
856 3879 935 3936 opus,
956 3859 1002 3916 sed
1016 3860 1113 3936 regula
1124 3877 1208 3917 curae.

490 3965 518 4021 Si
532 3964 647 4039 quaudo
658 3980 781 4020 vacuum
794 3961 888 4019 casula
901 3962 1040 4038 pluviaeve
1054 3963 1199 4030 tenebant,

431 4077 434 4084 '
490 4065 682 4134 Festavelu15
704 4064 724 4120 si
738 4062 812 4120 sorte
824 4063 905 4121 labor
917 4062 1038 4121 cessabat
1052 4059 1158 4133 ararim

490 4167 576 4225 Horti
591 4185 661 4243 opus
675 4166 747 4223 illud
761 4175 831 4223 erat.
870 4165 971 4223 Varias
983 4165 1124 4240 deponere
1136 4163 1249 4242 plantas

491 4269 594 4337 Norat,
614 4276 644 4324 et
656 4267 776 4325 occultae
789 4266 958 4324 conmittere
971 4266 1076 4323 semina
1090 4277 1180 4337 terrae,

491 4370 666 4444 Vicinosque
678 4378 744 4444 apte
756 4368 823 4424 curi
837 4367 1001 4426 submittere
1014 4368 1110 4434 rivos..

491 4472 549 4529 Hic
562 4471 634 4538 olus,
654 4469 711 4538 hic,
731 4469 788 4526 late
801 4469 954 4526 fundentes
966 4468 1090 4534 brachia,
1110 4470 1193 4538 betae,

491 4571 695 4646 Fecundusque
713 4588 824 4640 rumex,
847 4569 1015 4647 malvaeque,
1034 4569 1188 4646 inulaeque,
1212 4567 1286 4628 rire·

567 4675 653 4734 bant:
