3492 6884
484 1792 511 1832 v.
525 1782 590 1834 101.
785 1774 981 1835 CULEX.
1224 1780 1276 1832 131

485 1928 651 2005 Lucidaque
662 1929 786 1988 aethereo
797 1930 880 2008 ponit
892 1929 1056 1989 discrimina
1068 1928 1185 1997 mundo,

486 2030 553 2088 Qut
562 2029 634 2107 jacit
644 2030 794 2091 Oceanum
806 2033 935 2091 flammas
948 2032 979 2089 in
991 2042 1144 2106 utrumque
1158 2047 1282 2108 rapacor.

523 2132 561 2188 Et
569 2131 632 2210 jam
644 2134 825 2209 conpellente
838 2153 918 2209 vagae
930 2133 1037 2210 pastore
1050 2132 1166 2210 capellae

485 2229 546 2292 Ima
560 2234 729 2293 susurrantis
742 2235 877 2312 repebant
891 2237 927 2293 ad
941 2236 1011 2293 vada
1023 2234 1158 2312 lymphae,

485 2335 561 2393 Quae
574 2336 669 2394 subter
681 2336 802 2399 viridem
815 2337 975 2395 residebant
987 2337 1089 2394 caerula
1103 2335 1242 2396 muscum.

483 2437 549 2514 Jam
563 2438 669 2495 modias
682 2457 801 2513 operum
814 2439 902 2515 partis
915 2438 1027 2496 evectus
1040 2449 1101 2496 erat
1113 2439 1171 2506 Sol,

483 2539 561 2597 Cum
573 2538 672 2597 densas
684 2539 776 2617 pastor
788 2512 911 2617 pecudea
923 2543 1044 2617 cogebat
1057 2541 1087 2597 iu
1102 2543 1231 2613 umbras)

483 2636 521 2697 Et
534 2640 633 2717 procul
646 2640 775 2718 adspexit
788 2639 853 2700 luco
866 2642 985 2700 resrdere
998 2642 1111 2710 virenti,

483 2742 567 2801 Delia
581 2743 656 2812 diva,
678 2753 742 2801 tuo:
765 2764 822 2820 quo
835 2745 988 2820 quondam,
1001 2743 1074 2802 victa
1090 2744 1194 2814 furore,

482 2842 572 2903 Venit
587 2845 756 2922 Nydelium
768 2845 883 2922 fugiens
895 2843 1030 2904 Cadmeis
1044 2848 1154 2922 Agave,

485 2947 620 3006 Insandas
631 2947 764 3006 scelerata
778 2967 880 3005 manus
892 2966 909 3004 e
921 2948 999 3035 carde
1010 2948 1141 3005 cruenti:

485 3049 570 3119 0uae,
591 3050 693 3125 gelidis
705 3050 839 3108 bacchata
849 3047 937 3127 jugia,
957 3049 1098 3125 requievit
1110 3049 1141 3106 in
1155 3060 1247 3120 antro,

483 3150 620 3209 Posterius
632 3169 747 3227 poenam
761 3151 841 3227 gnati
853 3152 889 3209 de
902 3162 993 3208 morte
1005 3152 1114 3209 datura.

483 3252 544 3311 Hic
558 3253 647 3311 etiam
661 3252 746 3310 viridi
759 3254 889 3327 ludentes
902 3254 991 3310 Panes
1003 3252 1034 3309 in
1047 3252 1145 3322 herbi,

484 3358 522 3414 Et
536 3356 638 3433 Satyri,
659 3356 844 3433 Dryadesque
854 3356 954 3413 choros
967 3374 1050 3431 cgere
1063 3356 1175 3432 puessae,

484 3458 635 3518 Naiadum
646 3457 676 3515 in
688 3468 772 3517 ooetu.
793 3460 922 3517 Tantum
935 3475 992 3514 non
1006 3456 1138 3533 Orpheus
1149 3458 1282 3517 Hebrum
1372 3455 1374 3457 ’

483 3560 647 3619 Restantem
659 3561 754 3619 tenuit
766 3559 843 3637 ripis,
864 3558 1011 3634 silvasque,
1030 3559 1167 3625 canendo,

483 3665 638 3723 Quantum
651 3673 680 3721 te
692 3680 801 3740 pernox
814 3668 1015 3738 remorantem,
1028 3660 1104 3729 diua,
1117 3660 1230 3731 chorea,

482 3766 580 3824 Multa
595 3765 649 3823 tibi
663 3766 729 3822 beto
742 3763 896 3822 fundentes
910 3762 1014 3839 gaudia
1027 3762 1124 3833 vultu3

482 3868 547 3945 Ipsa
561 3866 621 3925 soci
635 3866 867 3925 natura·domum
880 3864 1029 3922 resonante
1041 3863 1152 3923 susurro

482 3971 558 4029 Quin
572 3970 667 4037 dabat,
687 3977 717 4025 et
728 3967 807 4025 dulci
820 3966 902 4024 sessaa
916 3966 1062 4023 refovebat
1074 3966 1106 4024 in
1120 3965 1231 4027 umbre

520 4071 599 4129 Nam
612 4069 739 4147 primum
752 4068 841 4147 proni
854 4066 1009 4145 surgebant
1022 4067 1095 4125 valle
1108 4078 1237 4145 patentes
1270 4099 1272 4104 ·

481 4173 579 4231 Adria
594 4172 739 4248 platanum
761 4171 836 4227 inter
848 4189 919 4246 quas
931 4170 1009 4246 inpia
1023 4170 1105 4239 lotoe,

481 4274 575 4351 Inpia,
596 4292 660 4349 quae
674 4272 762 4330 socios
773 4272 867 4330 Ithaci
882 4272 1025 4329 maerentis
1037 4272 1144 4349 abegit,

481 4375 604 4454 Hospita
617 4376 688 4433 dum
701 4374 790 4431 nimii
804 4374 899 4431 tenuit
911 4374 1065 4432 dulcedine
1077 4376 1181 4452 ca‘ptos.

480 4481 533 4547 At,
553 4477 666 4554 quibus,
685 4475 791 4552 insigni
802 4494 889 4570 ¹curru
901 4473 1040 4552 projedtua
1053 4495 1203 4551 equorum,

480 4581 638 4639 Ambustus
651 4578 798 4638 Phadrhon
811 4578 892 4636 lustu
905 4587 1065 4662 inritauerat
1077 4588 1164 4647 artus,

481 4682 629 4755 Heliades,
649 4680 754 4740 teneris
769 4680 893 4757 inplexae
906 4678 1021 4737 brachia
1036 4678 1152 4746 truncis,
