3492 6884
466 1796 494 1836 v.
507 1784 574 1849 ⁵74·
785 1781 883 1841 LIB.
923 1779 962 1872 n?
1204 1787 1263 1851 237

463 1933 623 1992 Abdiderat
637 1929 702 2004 sese,
722 1944 808 2012 atque
821 1937 877 1995 aria
890 1937 979 1996 invisa
992 1938 1116 1998 sedebat.

462 2034 597 2094 Exarsere
610 2035 692 2114 ignes
703 2038 815 2097 animo:
838 2039 914 2097 subit
925 2038 967 2097 ira
980 2040 1131 2097 cadentem

462 2135 572 2196 Ulcisci
584 2138 714 2214 patriam,
734 2152 763 2196 et
775 2140 920 2199 sceleratas
932 2141 1043 2199 sumere
1055 2158 1161 2217 poenaa.

463 2238 579 2297 Scilicet
599 2239 662 2298 haec
682 2241 810 2318 Spartam
830 2241 992 2313 incolumis,
1012 2244 1174 2320 patriasque
1191 2241 1260 2320 My-

540 2359 633 2411 cenas,

461 2438 611 2520 Adspiciet
619 2469 628 2515 3
649 2455 790 2522 partoque
802 2446 858 2504 ibit
871 2446 970 2526 regim
984 2445 1146 2523 triumpho?

462 2544 705 2622 Conjugiumque,
725 2548 910 2626 domumque,
930 2559 1033 2625 patrea,
1059 2558 1196 2625 natosque
1215 2547 1260 2608 vi·

539 2648 629 2717 debit,

461 2748 586 2807 Iliadum
599 2751 683 2809 turba
696 2761 726 2809 et
736 2751 868 2829 Phrygiis
881 2752 1016 2810 comitata
1029 2751 1180 2811 ministris?

460 2850 611 2910 Occiderit
623 2853 698 2911 ferro
712 2855 857 2912 Priamus?
877 2853 964 2931 'boja
975 2853 1074 2912 arserit
1087 2854 1167 2932 igni?

460 2954 640 3012 Dardanium
653 2955 738 3013 toties
751 2955 857 3013 sudarit
871 2954 1010 3033 sanguine
1022 2944 1107 3013 litua?

461 3057 531 3115 Non
544 3057 599 3116 ita:
622 3077 755 3134 namque,
767 3060 818 3116 etsi
829 3058 942 3116 nullum
952 3059 1137 3118 memorabile
1152 3076 1257 3118 nomen

462 3159 596 3218 Feminrb
608 3160 640 3218 in
652 3162 737 3238 poend
749 3161 798 3229 est,
816 3176 870 3219 nee
883 3160 970 3219 habet
981 3160 1098 3219 vidoria
1112 3162 1227 3221 laudem
1234 3187 1243 3235 ς

461 3262 622 3320 Extinxiise
635 3261 714 3320 nefas
727 3272 833 3332 tamen,
854 3273 884 3320 et
896 3262 1019 3320 sumsisse
1032 3253 1168 3321 mereatis

460 3364 612 3423 Laudabor
623 3383 736 3442 poenam
758 3364 945 3440 animumque
957 3363 1079 3441 expleffe
1088 3363 1202 3442 juvabit

459 3466 579 3525 Ultricia
591 3466 725 3533 flamma,
745 3476 775 3523 et
787 3466 897 3523 cineret
910 3465 1020 3524 satiasse
1032 3485 1171 3525 meorum.

497 3568 581 3627 Talia
590 3567 743 3645 jadabam,
763 3577 793 3626 et
807 3566 913 3625 furiati
926 3577 1022 3626 mente
1036 3568 1163 3639 ferebam

426 3671 431 3687 '
460 3672 563 3729 Quum
571 3670 643 3728 mihi
651 3671 689 3740 se,
698 3689 756 3728 uon
767 3679 834 3728 ante
843 3670 1093 3739 oculistamciara,
1103 3670 1257 3730 videndam

457 3774 583 3844 Obtulit,
604 3783 633 3831 et
646 3773 717 3850 puri
729 3791 781 3850 per
793 3772 906 3830 nouem
919 3771 950 3828 in
963 3772 1027 3830 luce
1039 3772 1158 3843 refulsit,

457 3876 544 3935 Alma
556 3888 666 3953 parens,
685 3872 809 3932 confessa
822 3874 915 3940 deam,
936 3873 1085 3950 qualisque
1096 3876 1187 3934 videri

457 3979 603 4038 Coelicolis
616 3989 646 4036 et
658 3988 766 4056 quanta
780 3976 862 4047 solet;
885 3977 1044 4053 dextrique
1056 3979 1228 4054 prehensum

456 4082 620 4150 Continuit,
640 4079 775 4155 roseoque
788 4078 850 4136 haec
863 4078 978 4156 insuper
990 4079 1101 4138 addidit
1114 4099 1180 4139 ore:

456 4184 543 4252 Nate,
561 4182 625 4261 quia
638 4181 791 4240 indomitas
805 4191 901 4240 tantus
913 4182 995 4240 dolor
1010 4183 1118 4241 excitat
1130 4183 1201 4242 iras?

456 4287 538 4345 Quid
551 4286 639 4344 suris?
660 4293 710 4342 aut
721 4286 847 4359 quonam
859 4282 946 4341 nostri
959 4284 1012 4341 tibi
1025 4303 1093 4343 cura
1106 4286 1233 4345 reoeffit?

455 4390 525 4449 Non
538 4388 616 4466 prius
629 4385 775 4463 adspicies,
795 4384 854 4455 ubi,
876 4384 977 4443 fessum
990 4395 1084 4455 aetate,
1104 4400 1253 4463 parentem

454 4490 584 4567 Liqueris
597 4487 761 4546 Anchisen?
782 4486 895 4563 superet
908 4485 1072 4563 oonjunxue
1082 4489 1198 4561 Creusa,

453 4595 650 4670 Ascaniusque
662 4594 748 4669 puer?
769 4609 841 4667 quoa
857 4590 952 4648 omnis
964 4591 1093 4666 undique
1106 4591 1200 4650 Graiae

453 4697 571 4757 Circum
582 4704 677 4755 errant
690 4693 778 4767 aciem
798 4701 838 4762 et,
858 4691 889 4750 ni
902 4710 966 4751 mea
978 4709 1045 4751 cura
1058 4692 1172 4767 refisiat,
