3492 6884
553 1801 595 1862 66
676 1857 680 1866 ,
786 1797 1114 1869 GEORGICON,
1240 1806 1348 1860 nm.

553 1957 726 2033 velleraque
738 1963 772 2013 ut
784 1955 860 2013 foliis
872 1956 1022 2032 depectant
1036 1954 1133 2013 tenuia
1147 1955 1243 2013 Seres?

554 2061 617 2119 Aut
630 2079 708 2137 quos,
729 2060 845 2118 Oceano
858 2059 982 2135 propior,
1001 2058 1076 2134 gerit
1088 2058 1170 2116 India
1183 2059 1282 2116 lucos?

554 2163 685 2221 Extremi
698 2163 772 2220 smus
784 2162 875 2231 orbim
895 2161 945 2218 ubi
959 2164 1023 2219 aera
1037 2161 1151 2220 vincere
1164 2161 1309 2220 summum

556 2267 675 2325 Arboris
689 2266 766 2323 haud
779 2266 845 2323 ulla:
854 2263 932 2341 jactu
945 2276 1063 2341 potuere
1077 2265 1200 2342 sagitte:

553 2370 592 2429 Et
605 2388 676 2446 gens
688 2369 736 2426 illa
750 2369 867 2443 quidem
883 2367 980 2424 smmis
993 2386 1049 2424 nou
1065 2369 1144 2425 tarda
1158 2366 1309 2445 pharetris.

553 2472 653 2530 Media
668 2472 722 2529 fert
738 2472 827 2528 tristes
840 2471 936 2527 succos
949 2472 1119 2546 tardumque
1133 2471 1263 2547 saporem

553 2574 657 2633 Felicis
670 2574 753 2644 mali,
775 2592 832 2649 quo
846 2592 904 2629 non
917 2571 1083 2649 praesentius
1095 2574 1198 2655 ullum,

553 2677 658 2736 Pocula
672 2677 692 2733 sr
706 2676 819 2751 quando
833 2674 912 2731 faevae
925 2675 1051 2732 infecere
1063 2695 1202 2748 novercae,

554 2780 792 2855 Miscueruntque
805 2779 906 2835 herbas
918 2788 948 2835 et
961 2797 1019 2836 non
1031 2778 1150 2837 innoxia
1163 2781 1258 2850 verba,

553 2881 709 2942 Auxilium
722 2881 812 2948 venit,
832 2900 865 2937 ac
877 2881 1013 2938 membris
1026 2882 1088 2958 agit
1100 2893 1161 2940 atra
1175 2900 1297 2940 venena.

554 2982 619 3061 Ipsa
632 2984 734 3061 ingens
747 2986 837 3053 arbos,
857 2984 1020 3059 faciemque
1031 2985 1174 3043 simillima
1184 2985 1281 3057 laur05

483 3106 502 3172 Ἰ
556 3088 604 3158 Et,
625 3088 646 3145 ss
660 3106 716 3144 non
729 3087 819 3145 alium
833 3086 891 3144 late
900 3085 1019 3163 jactaret
1032 3089 1157 3153 odorem,

557 3192 667 3249 Laurus
680 3201 753 3248 erat:
777 3190 845 3247 folia
858 3190 935 3247 haud
948 3190 1015 3248 ullis
1026 3190 1152 3248 labentia
1165 3190 1274 3261 ventis,

557 3294 624 3353 Flos
636 3295 671 3352 ad
684 3292 774 3371 prima
790 3302 890 3350 tenax:
912 3293 1022 3351 animas
1034 3303 1064 3350 et
1076 3293 1182 3351 olentia
1196 3292 1280 3350 Medi

559 3397 619 3457 Ora
632 3398 730 3456 fovent
743 3397 803 3467 illo,
823 3407 853 3454 et
867 3395 980 3454 senibus
993 3396 1173 3454 medicantur
1185 3395 1304 3454 anhelis.

599 3503 654 3560 Sed
666 3520 759 3578 neque
773 3501 936 3569 Medorum,
956 3500 1031 3556 srlvae
1043 3498 1186 3567 ditiflrma,
1206 3508 1289 3567 terra,

560 3606 625 3664 Nec
635 3605 754 3682 pulcher
764 3606 888 3679 Ganges,
901 3614 986 3679 atque
997 3622 1066 3660 auro
1077 3602 1208 3659 turbidus
1218 3602 1355 3671 Hermus,

561 3709 707 3766 Laudibus
722 3708 810 3764 ltaliae
825 3715 951 3776 certent3
974 3724 1031 3762 non
1045 3705 1155 3774 Badra,
1172 3724 1266 3780 neque
1278 3704 1357 3774 Indi,

560 3812 691 3886 Totaque
704 3809 829 3866 turiferis
843 3808 982 3866 Panchaia
996 3807 1112 3884 pinguis
1125 3808 1227 3865 arenis.

560 3914 633 3971 Haec
646 3914 708 3971 loca
722 3930 779 3968 non
794 3911 877 3979 tauri,
898 3910 1034 3986 spirantes
1047 3889 1163 3969 naribus
1175 3910 1285 3987 ignem,

560 4017 716 4084 invertere,
736 4014 802 4071 satis
815 4014 939 4071 inmanis
951 4014 1084 4071 dentibus
1098 4013 1197 4089 hydri3

561 4119 626 4177 Noc
640 4118 728 4195 galeis
741 4119 888 4192 denfisque
901 4116 994 4174 virhm
1009 4116 1086 4193 seges
1099 4116 1210 4174 horruit
1223 4116 1323 4175 hastis:

561 4222 617 4280 Sed
630 4222 754 4298 gravidae
768 4222 864 4296 fruges
877 4232 906 4278 et
920 4220 1024 4278 Bacchi
1038 4220 1172 4277 Massicus
1186 4221 1290 4278 humor

562 4325 724 4401 Inplcvere3
748 4335 846 4380 tenent
856 4324 935 4394 oleae‚
950 4333 1133 4399 armentaque
1146 4322 1213 4379 lata,

562 4427 643 4486 Hinc
655 4427 775 4484 bellator
787 4446 877 4501 equus
889 4446 991 4503 campo
1004 4426 1061 4483 sese
1073 4427 1177 4483 arduus
1190 4425 1277 4483 infert
1282 4450 1291 4497 ς
1357 4423 1361 4431 “

562 4531 643 4589 Hinc
655 4530 723 4598 albi,
743 4531 900 4598 Clitumne,
921 4549 1030 4606 greges,
1043 4539 1079 4587 et
1092 4547 1226 4586 maxuma
1241 4539 1340 4588 taurus

562 4634 698 4702 Victima,
717 4633 789 4709 faepe
804 4643 853 4691 tuo
865 4633 970 4709 perfusr
983 4632 1103 4690 flumine
1116 4631 1201 4701 sacro,

546 4737 706 4798 'Romanos
718 4738 755 4796 ad
768 4736 875 4815 templa
888 4737 977 4796 deum
988 4737 1096 4795 duxere
1108 4734 1278 4812 triumphos
