3492 6884
511 1820 619 1887 earo.
811 1814 912 1874 ura.
951 1814 1008 1873 111.
1272 1782 1311 1889 ρὰ

508 1970 607 2029 Durus
621 1973 716 2029 amor?
738 1970 863 2048 Nempe,
877 1970 1003 2049 abruptis
1018 1971 1129 2029 turbata
1142 1970 1282 2047 procellis,

509 2074 603 2133 Nocte
614 2082 695 2133 natat
707 2076 782 2133 caeci
795 2075 871 2133 serua
882 2076 955 2133 freta
962 2098 970 2144 ;
992 2093 1080 2150 quem
1093 2072 1175 2151 super
1187 2075 1290 2151 ingena

509 2178 591 2236 Porta
606 2188 687 2237 tonat
700 2178 775 2247 coeli,
795 2187 824 2236 et
838 2178 961 2256 scopulis
974 2177 1057 2234 inlisa
1070 2176 1227 2235 reclamant

507 2279 639 2356 AEquora
645 2307 655 2353 3
678 2301 731 2340 nec
744 2281 839 2340 miseri
853 2282 967 2359 poliunt
980 2265 1112 2338 revocare
1124 2288 1264 2356 parentes,

508 2383 574 2442 Nec
586 2385 722 2444 moritura
737 2384 820 2462 super
833 2384 943 2443 crudeli
956 2383 1058 2441 funere
1070 2382 1162 2460 virgo.

509 2488 592 2547 Quid
604 2489 702 2567 lynces
712 2489 816 2547 Bacchi
831 2488 925 2558 variae,
940 2497 970 2544 et
983 2506 1073 2563 genus
1086 2505 1150 2544 acre
1164 2486 1309 2565 luporum,

507 2591 608 2668 Atque
615 2599 737 2650 canum?
752 2592 832 2667 quid,
841 2611 906 2667 quae
915 2591 1034 2648 inbelles
1041 2591 1112 2647 dant
1122 2590 1222 2668 praelia
1232 2593 1308 2650 cervi

508 2693 638 2753 Scilicet?
660 2705 727 2753 ante
740 2694 833 2753 omnis
846 2695 928 2753 furor
940 2694 980 2752 est
993 2693 1111 2772 indgnis
1123 2712 1262 2770 equarum
1266 2719 1277 2767 5

507 2798 545 2854 Et
556 2807 684 2857 mentem
696 2800 797 2857 Venus
810 2798 869 2875 ipsa
882 2798 971 2867 dedit,
990 2817 1048 2875 quo
1062 2807 1190 2875 tempore
1202 2797 1307 2857 Glauci

507 2900 657 2960 Potniades
670 2904 753 2961 malis
765 2903 895 2960 membra
908 2901 1067 2959 absumsere
1079 2900 1236 2978 quadriga.

431 3038 434 3043 -
508 3004 573 3061 lllaa
586 3005 667 3063 ducit
679 3025 759 3064 amor
772 3016 849 3063 trans
861 3006 999 3081 Gargara,
1012 3014 1146 3081 transque
1159 3004 1308 3063 sonantem

507 3105 679 3180 Ascanium3
702 3109 836 3186 superant
849 3109 965 3177 montis,
979 3118 1009 3166 et
1021 3108 1142 3166 flumina
1154 3118 1280 3167 tranant.

507 3209 721 3286 Continuoque,
735 3211 826 3270 avidis
839 3212 892 3269 ubi
905 3211 1018 3270 subdita
1032 3212 1149 3269 flamma
1162 3210 1306 3282 medullis,

507 3312 584 3371 Vere
597 3314 699 3391 magis,
720 3315 787 3389 quia
801 3334 866 3374 vere
881 3315 958 3373 calor
971 3315 1046 3373 redit
1058 3314 1171 3385 ollibus,
1187 3314 1255 3383 illae,

507 3416 568 3474 Ore
581 3435 678 3473 omnes
688 3416 776 3474 versae
787 3417 818 3475 in
832 3418 1008 3495 Zephyrum,
1022 3418 1095 3475 stant
1104 3417 1223 3494 rupibus
1232 3417 1307 3488 altis,

506 3520 726 3596 Exceptantque
738 3520 808 3578 levia
822 3539 916 3578 auras:
938 3531 969 3578 et
982 3520 1053 3598 saepe
1067 3521 1125 3578 sane
1137 3520 1205 3579 ullia

507 3621 668 3701 conjugiis,
688 3632 775 3682 vento
787 3625 921 3701 gravida,
941 3624 1072 3682 uambae
1085 3597 1184 3681 naui

507 3728 580 3785 Saxa
593 3745 652 3803 per,
673 3737 703 3785 et
717 3728 854 3804 scopulos,
875 3736 906 3785 et
918 3727 1057 3804 depretias
1069 3724 1207 3785 convallis

506 3813 678 3908 Diffugiunt
685 3854 693 3901 ς
708 3849 776 3900 non,
789 3832 873 3900 Eure,
886 3840 960 3899 tuos,
974 3849 1069 3906 neque
1082 3830 1153 3889 Solia
1165 3831 1202 3890 ad
1212 3838 1305 3903 ortum

507 3935 542 3992 ln
554 3936 662 3993 Borean
671 3934 865 4011 Caurumque,
876 3944 926 3994 aut
937 3934 1014 3992 unde
1024 3933 1197 4011 nigerrimus
1204 3934 1307 3994 Auster

507 4036 653 4108 Nascitur,
673 4047 703 4096 et
715 4038 814 4114 pluvio
827 4038 974 4097 contristat
986 4038 1093 4115 frigore
1105 4038 1222 4098 noelum.

292 4208 300 4223 ἱ
394 4177 398 4183 -
508 4142 567 4200 Hic
580 4142 705 4211 demum,
716 4141 903 4219 hippomanes
911 4159 981 4200 vero
991 4143 1068 4218 quod
1079 4141 1196 4201 nomine
1206 4140 1307 4202 dicunt

509 4244 640 4315 Pastore,
659 4248 773 4303 lentum
786 4245 909 4304 destillat
922 4249 959 4303 ab
972 4245 1091 4323 inguine
1104 4246 1195 4317 virtu3

509 4347 717 4426 Hippomanes,
737 4350 814 4424 quod
827 4348 900 4426 saepe
912 4349 997 4407 malae
1009 4349 1105 4426 legere
1118 4367 1256 4420 novercae,
1304 4425 1306 4428 ι

509 4451 748 4526 Miscueruntque
761 4451 861 4542 heroas
873 4463 904 4511 et
916 4472 975 4511 non
988 4452 1107 4511 innoxia
1120 4454 1216 4511 verba.
1247 4497 1252 4507 .

549 4554 604 4611 Sed
617 4554 694 4632 fugit
707 4556 824 4624 interea,
844 4556 923 4632 fugit
936 4556 1124 4633 inreparabile
1137 4564 1259 4633 ternpus,

511 4656 629 4734 Singula
642 4658 712 4716 dum
725 4659 799 4737 capti
813 4659 1067 4717 circumvallamur
1079 4677 1184 4717 amore.

550 4760 616 4821 Hoc
629 4759 694 4821 satia
707 4760 851 4822 annentir.
892 4753 1012 4843 Superat
1023 4780 1087 4841 para
1100 4759 1188 4822 altera
1200 4779 1284 4831 cura,
