3492 6884
700 1748 907 1796 NOTULAE.

403 1886 444 1934 imi
455 1895 477 1933 et
488 1887 622 1935 ‘eunifimi'
631 1887 746 1951 eonspedlu
758 1889 888 1937 ‘numinis’
919 1891 968 1938 Nee
979 1890 1110 1938 diffimulem
1125 1888 1201 1942 nmen

403 1975 497 2022 Probum
507 1976 632 2023 Falconiam
645 1976 667 2024 in
678 1988 768 2025 centone
775 1979 909 2039 virgiliano,
919 1994 964 2025 ver.
976 1980 1015 2026 ⁶0.
1025 1980 1136 2040 vulgatam
1147 1994 1201 2024 eon·

404 2062 501 2121 firmare,
517 2064 544 2111 ab
561 2061 638 2112 ultimai
654 2065 735 2112 scilicit
751 2068 880 2128 antiquitate
893 2067 1041 2128 depravatam.
1081 2066 1201 2124 Miltouus,

344 2202 345 2205 ,
403 2153 453 2199 Par.
463 2152 537 2202 emila.
554 2154 585 2201 iv.
604 2167 642 2214 33.
660 2154 686 2200 de
699 2155 790 2201 ‘s01e2’

531 2274 754 2290 ..........
770 2243 818 2289 like
829 2243 880 2289 ‘the
891 2242 954 2289 God'

531 2330 566 2377 Of
574 2330 618 2377 this
628 2346 676 2377 new
687 2331 762 2377 world.

403 2417 477 2479 Friget
486 2433 540 2465 tum
553 2418 669 2465 ‘lumina'
684 2419 794 2480 epitheton
811 2421 819 2448 ‘
826 2417 959 2464 clarium:
992 2418 1039 2465 Hos
1052 2428 1115 2464 vocat
1126 2417 1200 2465 ‘luei-

403 2504 470 2553 dum’
481 2508 530 2554 eoeli
542 2512 550 2538 ⁴
556 2507 633 2553 decua'
643 2506 667 2552 in
677 2507 775 2553 armine
785 2507 872 2553 seculari
884 2507 980 2553 l'laccus.

434 2597 487 2643 Ver.
500 2608 523 2652 7.
548 2595 601 2642 Non
611 2594 711 2643 audiendi
722 2595 771 2641 lunt
781 2595 821 2640 viri
832 2593 950 2652 elarislimi,
959 2594 997 2656 qui
1008 2593 1113 2641 Liberum
1123 2605 1145 2641 et
1153 2596 1199 2642 Ce-

401 2698 472 2731 rerem
486 2684 512 2729 ad
526 2683 666 2745 praecedentia
677 2683 790 2739 reducunt,
803 2683 929 2740 Schutaiua,
940 2682 1200 2744 Heynius,Bn1nekius,

400 2782 422 2818 et
433 2772 543 2833 Bryantus
553 2772 643 2826 nostras,
652 2771 755 2833 quicquid
763 2770 873 2817 obnitatur
882 2771 1016 2828 Macrobius,
1027 2772 1074 2817 Sat.
1082 2772 1099 2818 i.
1110 2770 1146 2817 16.
1160 2770 1197 2819 18.

399 2871 422 2908 et
433 2872 474 2919 24.
491 2860 529 2922 qui
541 2859 577 2906 fibi
594 2859 633 2921 ipsa
644 2858 718 2906 minda
727 2860 818 2906 constat.
851 2858 924 2906 Adeas
935 2860 1059 2920 Apuleium
1068 2860 1095 2905 de
1104 2860 1144 2906 deo
1155 2860 1198 2906 So·

399 2948 473 3004 eratis,
488 2947 535 2993 sub.
548 2948 621 3005 initio;
636 2947 699 3008 eujus
709 2958 780 2994 textus
789 2947 878 2993 ledlioni
896 2947 974 2993 nollrae
988 2948 1119 3004 adversatur,
1133 2962 1199 3008 argu·

401 3048 504 3083 mentum
516 3034 588 3091 laven
605 3046 630 3081 ut
640 3036 681 3082 hoe
692 3033 760 3082 obitdr
769 3038 890 3095 attingam:
907 3050 960 3081 mox
970 3036 1038 3081 etiam
1048 3036 1095 3082 hare
1107 3036 1199 3082 ‘elaris-

401 3124 455 3176 fima
466 3125 575 3182 numina,’
584 3125 643 3187 quafi
652 3126 726 3171 volens
737 3125 880 3186 interpretari,
890 3125 991 3172 nominat
1001 3130 1008 3155 ⁶
1018 3126 1124 3174 radianter
1132 3126 1199 3174 douo!

431 3213 518 3260 Primae
533 3223 610 3273 agunt,
625 3222 651 3258 ut
662 3210 802 3259 manifestum
817 3213 857 3269 est,
872 3213 895 3258 in
911 3212 1054 3273 agricolarum
1072 3214 1134 3260 rebus
1147 3214 1199 3267 eteli

399 3300 475 3357 sidera,
496 3312 518 3347 et
538 3298 671 3363 potilfimdm
688 3298 780 3362 majora,
801 3315 851 3361 qua
867 3299 941 3347 fovent
956 3302 1046 3360 omnia,
1069 3298 1153 3359 deindd,
1168 3301 1199 3350 ob

400 3390 502 3437 maxima
518 3388 620 3435 beneficia
636 3388 659 3434 in
674 3403 819 3435 communem
836 3388 906 3434 vitam
922 3405 959 3449 per
975 3387 1047 3448 fruges
1063 3390 1161 3436 inventae
1175 3400 1199 3436 et

398 3478 478 3523 vinum
490 3477 616 3539 importata,
631 3476 732 3523 secundas
741 3477 808 3523 Ceres
817 3486 839 3521 et
851 3476 948 3522 llaoehua
959 3476 996 3523 sabi
1007 3477 1126 3525 vindicant.

422 3567 484 3615 ,Ver
495 3578 534 3623 ²7·
561 3565 720 3624 Elegantlorem
733 3564 830 3620 adhibui,
847 3558 873 3611 ni
887 3562 958 3622 fallor,
973 3564 1143 3612 diriinllionem.
1175 3566 1199 3612 la

400 3654 507 3699 ‘audior'
519 3651 597 3700 Latind
606 3653 677 3700 didius
686 3652 726 3710 cll,
742 3667 807 3715 quern
819 3652 939 3713 sequimur,
956 3663 981 3698 ut
996 3652 1085 3699 ducem·
1118 3653 1198 3701 cicero

398 3740 425 3787 ad
437 3741 550 3798 Atticum,
565 3740 615 3788 viii.
633 3754 656 3786 a.
689 3743 739 3787 Aut
749 3740 877 3803 locupletior
888 3739 944 3787 mibi
956 3739 982 3786 fit
991 3740 1119 3802 quaerendus
1128 3744 1197 3788 ‘auc-

399 3829 447 3874 tor’
458 3826 526 3891 quim
537 3829 641 3875 Socrates.
673 3829 776 3885 Ovidius,
793 3824 863 3875 amor.
873 3828 907 3874 iii.
927 3841 963 3875 ro.
975 3841 1012 3888 35.

526 3916 594 3973 Diva,
605 3921 695 3978 ‘potetu
705 3916 811 3976 frugum
828 3916 886 3963 silvia
895 3916 983 3963 ceffahat
993 3916 1017 3963 in
1027 3916 1086 3963 altis.

399 4004 440 4050 Sed
450 4019 495 4051 rem
507 4005 563 4051 secat
574 4004 690 4061 Manilius,
706 4004 804 4052 nullium
815 4004 925 4060 imitatus,
941 4006 956 4051 i.
967 4003 1023 4064 446.

526 4093 599 4140 Caelar
610 4107 668 4138 nuuc
679 4092 774 4148 ‘terrim’
790 4092 836 4154 post
846 4092 936 4146 ‘coelo,’
953 4092 1065 4139 maximus
1076 4093 1187 4141 ‘audon'

430 4180 484 4227 Ver.
497 4192 534 4240 35.
560 4180 685 4240 Elegantior
702 4180 749 4226 lime
766 4178 832 4225 tenio
845 4179 885 4237 est,
900 4194 968 4243 quam
987 4181 1107 4243 ‘relinquit
1116 4181 1132 4227 :⁸
1149 4181 1199 4229 vide

398 4268 494 4315 nostram
505 4268 559 4315 silv.
569 4267 627 4315 cnr,
639 4268 654 4313 i.
671 4283 709 4330 pp·
726 4265 762 4313 1⁶.
778 4279 814 4320 17.

430 4356 483 4402 Ver.
496 4369 549 4403 100.
576 4356 678 4412 Ovidius,
694 4356 751 4402 Fast.
764 4355 778 4401 i.
797 4353 851 4415 ⁶95·

525 4448 534 4475 ⁴
544 4443 593 4490 Hoc
604 4458 643 4504 ego
653 4458 692 4505 pro
702 4443 770 4498 vobis,
786 4443 826 4489 hoc
838 4458 876 4488 vos
890 4444 997 4505 ‘optate,’
1013 4444 1093 4491 coloni.

428 4532 481 4579 Ver.
496 4544 549 4578 roa,
575 4531 641 4578 Hunc
652 4531 751 4579 ordinem
763 4530 878 4577 verborum
894 4533 940 4589 dat,
956 4532 1032 4578 nostris
1044 4533 1133 4578 auribus
1143 4531 1193 4579 land

396 4620 531 4678 molliorem,
542 4619 711 4667 vetustiffimum
721 4620 842 4681 exemplat,
854 4621 912 4683 typis
925 4630 1047 4677 exaratum,
1064 4636 1128 4682 penes
1139 4635 1192 4667 me:
