3492 6884
461 1798 568 1852 v.145.
773 1790 823 1848 LI
838 1792 871 1848 B.
911 1790 951 1848 11.
1197 1801 1252 1851 221

499 1948 555 2005 His
563 1945 688 2005 lacrimis
698 1947 788 2005 vitam
798 1947 907 2014 damus,
916 1953 946 2004 et
955 1944 1159 2004 miserescimus
1169 1947 1253 2006 ultro.

461 2049 524 2126 lpse
536 2051 597 2108 viro
610 2050 717 2126 primus
729 2049 853 2107 manicae
866 2057 952 2124 atque
964 2059 1024 2106 arta
1036 2049 1124 2107 levari

459 2153 564 2211 Vincla
573 2152 656 2230 jubet
669 2153 809 2224 Priamus3
831 2151 969 2228 diffisque
981 2151 1022 2209 ita
1035 2152 1112 2210 satur
1124 2153 1237 2213 amicis:

461 2257 600 2333 Quisquis
612 2276 651 2327 ea,
671 2256 783 2314 amissos
794 2255 862 2313 hinc
870 2253 933 2332 jam
945 2254 1110 2314 obliviscere
1123 2256 1238 2328 Graioa3

459 2359 564 2418 Noster
576 2361 642 2418 eris:
664 2360 794 2434 mihique
807 2358 869 2416 haec
881 2357 997 2416 edissere
1009 2376 1075 2416 vera
1088 2360 1212 2437 roganti.

460 2464 530 2521 Quo
542 2464 647 2521 molem
657 2463 732 2520 hanc
743 2461 865 2519 inmanis
875 2461 943 2537 equi
954 2460 1088 2519 statuere?
1110 2462 1174 2538 quia
1186 2481 1252 2521 auc-

540 2570 597 2624 tor?

461 2669 577 2727 Quidve
596 2672 717 2745 petunt?
744 2687 808 2744 quae
827 2667 948 2744 religio?
968 2677 1019 2725 aut
1037 2686 1102 2743 quae
1120 2668 1253 2729 mellina

538 2772 624 2829 belli?

460 2874 589 2932 Dixerat.
629 2873 682 2931 Ille
694 2874 767 2931 dolis
779 2873 939 2943 instrusiun
958 2883 988 2932 et
1000 2886 1060 2933 arte
1073 2874 1197 2954 Pelasga,

461 2977 587 3047 Sustulit,
605 2977 827 3046 emmanuelis,
846 2979 883 3037 ad
896 2977 982 3035 sidera
995 2978 1120 3055 palmae:

501 3082 568 3150 Vos,
588 3080 688 3137 aeterni
701 3079 791 3155 ignes,
810 3092 839 3137 et
852 3100 911 3138 non
924 3080 1056 3139 violabile
1069 3081 1191 3140 vestrum

459 3182 558 3241 Testor
570 3201 687 3251 numen,
708 3183 761 3241 ait:
786 3203 845 3253 voa,
865 3203 930 3252 arae,
949 3183 1083 3260 ensesque
1096 3184 1224 3253 nefandi,

461 3289 543 3346 Quos
556 3286 637 3363 sugi5
658 3285 794 3362 vittaeque
806 3286 903 3356 deum,
923 3305 993 3361 quaa
1005 3286 1094 3344 hostia
1107 3288 1189 3363 geffi3

460 3390 511 3447 Fas
524 3389 598 3446 mibi
611 3389 764 3447 Graiorum
776 3389 883 3447 sacrata
896 3388 1033 3447 resolvere
1041 3388 1117 3467 jura,

460 3494 512 3551 Fas
524 3492 612 3550 odisse
625 3492 708 3563 viros,
730 3502 814 3568 atque
827 3492 924 3550 omnia
937 3492 1009 3549 serre
1023 3492 1075 3549 sub
1087 3510 1177 3561 auras,

461 3598 490 3655 Si
504 3617 560 3673 qua
573 3606 693 3673 tegunt;
715 3605 812 3653 teneor
824 3594 923 3671 patriae
936 3613 990 3652 nec
1001 3595 1114 3671 legibus
1126 3596 1201 3654 ullis.

458 3702 507 3758 Tu
520 3701 606 3758 modo
617 3697 756 3776 promissis
769 3716 892 3768 maneas,
913 3697 1077 3774 servataque
1090 3698 1182 3758 serves

458 3804 544 3881 Troja
558 3804 659 3873 fidem;
682 3801 702 3859 fi
715 3819 780 3858 vera
793 3800 894 3869 seram,
914 3800 934 3857 si
948 3820 1052 3879 magna
1065 3804 1227 3880 rependam.

497 3907 602 3966 Omnis
613 3906 676 3983 spes
689 3905 833 3972 Danadm
853 3913 884 3961 et
895 3904 983 3981 coepti
996 3904 1101 3963 fiducia
1115 3907 1194 3977 belli,

460 4011 580 4069 Palladis
593 4009 708 4068 auxiliis
721 4009 829 4085 semper
841 4006 924 4065 sletit.
964 4008 1064 4084 Inpius
1076 4026 1113 4067 ex
1125 4029 1186 4085 quo

458 4114 584 4192 Tydides
598 4113 646 4171 sed
658 4113 737 4170 enim
750 4111 945 4186 scelerumque
958 4110 1090 4169 inventor
1102 4112 1204 4171 Ulixe·

460 4219 556 4277 Fatale
569 4217 689 4295 adgressi
701 4217 808 4273 sacrato
820 4212 941 4273 avellere
955 4213 1062 4291 templo

460 4322 628 4391 Palladium,
648 4320 723 4377 caesis
736 4318 854 4376 summae
865 4316 1027 4374 custodibus
1040 4317 1122 4386 arcia,

459 4424 635 4502 Conripuere
648 4422 753 4481 sacram
766 4420 906 4497 effigiem,
925 4420 1114 4497 manibusque
1131 4421 1256 4478 cruentis
1279 4437 1283 4467 ·.

459 4528 612 4604 virgineas
625 4526 683 4584 ausi
697 4524 769 4583 divae
782 4524 950 4601 contingere
963 4524 1062 4595 vittas3

459 4632 504 4688 Ex
517 4630 569 4688 illo
581 4631 679 4698 fluere,
698 4647 731 4686 ac
743 4636 819 4685 retro
831 4626 960 4704 sublapsa
973 4624 1081 4696 referri,

460 4736 527 4812 Spes
541 4734 693 4805 Danaum
714 4730 809 4790 frana
821 4730 905 4800 vires,
924 4728 1018 4790 aversa
1030 4730 1091 4788 deae
1103 4747 1192 4788 nune.
