3492 6884
598 1769 656 1821 2³8
860 1757 1135 1828 nnnrnos,
1287 1757 1464 1837 reon„

599 1918 666 1994 Jam
679 1913 802 1971 flamma
816 1912 943 1983 tulerint,
961 1914 1096 1974 inimicos
1107 1925 1138 1974 et
1151 1913 1276 1973 hauserit
1292 1912 1373 1972 entia.

601 2018 671 2075 Non
685 2016 738 2073 tibi
751 2016 921 2091 Tyndaridis
934 2015 1021 2074 facies
1033 2016 1122 2076 invisa
1136 2018 1274 2086 Iam,

603 2119 778 2195 culpatusve
794 2117 883 2188 Paris3
905 2118 1002 2176 divom
1015 2118 1209 2187 inclementia,
1227 2118 1335 2184 divom,

603 2221 665 2279 Has
677 2221 778 2278 evertit
792 2239 868 2295 opes,
889 2219 1042 2296 sternitque
1055 2239 1071 2278 a
1084 2221 1211 2279 culmine
1221 2217 1347 2294 Troiam.

607 2321 745 2399 Adspice;
767 2340 891 2397 namque
901 2340 1026 2392 omnem,
1040 2342 1105 2398 quae
1117 2341 1203 2391 nunc,
1215 2319 1338 2381 obdu&
1352 2327 1398 2376 tu·

683 2423 754 2491 enti,

608 2526 739 2586 Mortalin
752 2525 868 2583 hebetat
882 2525 956 2582 visus
970 2525 1031 2595 tibi,
1052 2535 1082 2582 et
1094 2524 1213 2582 humida
1225 2523 1334 2582 circum

609 2627 733 2704 Caligat,
754 2628 860 2684 nubem
873 2627 1010 2702 eripiam3
1033 2637 1063 2684 tu
1077 2646 1114 2683 ne
1126 2645 1183 2701 qua
1194 2624 1320 2702 parentia

609 2730 687 2809 Juffa
700 2728 780 2797 time,
799 2746 856 2785 neu
869 2727 1017 2803 praeceptis
1029 2747 1127 2804 parere
1139 2726 1249 2786 recusa:

612 2831 679 2901 Hic,
700 2829 750 2887 ubi
765 2828 893 2904 disjectas
906 2829 995 2887 moles
1007 2830 1156 2905 avolsaque
1169 2828 1243 2888 saxia

613 2935 686 2990 Saxa
698 2931 786 3001 videa,
806 2930 956 3006 mixtoque
969 2932 1125 2989 undantem
1139 2931 1256 3007 pulvere
1269 2930 1392 2999 fumum,

614 3035 768 3111 Neptunus
781 3052 885 3098 muros,
906 3052 1067 3109 magnoque
1079 3043 1174 3091 emota
1187 3031 1305 3090 tridenti

614 3136 819 3205 Fundamenta,
840 3134 933 3210 quatit
941 3159 950 3205 3
973 3144 1118 3210 totamque
1133 3136 1170 3193 ab
1183 3134 1296 3192 sedibus
1308 3133 1408 3191 urbem

616 3238 707 3298 Eruit.
747 3236 806 3294 Hic
818 3237 896 3314 Juno
909 3237 998 3294 Seaeaa
1010 3236 1154 3294 saeviffima
1166 3246 1262 3314 portas

562 3402 567 3411 ,
617 3341 711 3399 Prima
724 3348 812 3409 tenet,
830 3338 999 3416 sociumque
1012 3339 1109 3397 furens
1120 3358 1137 3397 a
1150 3339 1269 3397 navibus
1286 3355 1400 3422 agmen,

618 3444 703 3500 Ferro
716 3442 854 3508 adcinsta,
867 3450 959 3498 vocat.

618 3545 684 3622 Jam
698 3543 822 3601 summas
834 3542 905 3600 arcis
917 3542 1058 3611 Tritonia,
1079 3541 1193 3619 respice,
1213 3542 1302 3602 Pallas

619 3646 736 3715 Insedit,
756 3645 855 3702 nimbo
867 3644 1018 3720 effulgens,
1037 3656 1067 3701 et
1079 3644 1212 3721 Gorgone
1222 3645 1304 3702 saeva.

620 3748 682 3825 Ipse
696 3749 778 3805 Pater
789 3747 896 3805 Danais
909 3747 1028 3816 animos,
1041 3746 1168 3822 viresque
1181 3746 1325 3816 secundas,

622 3851 747 3908 Sufficit:
771 3849 829 3926 ipse
840 3851 908 3906 deos
921 3849 952 3906 in
967 3849 1100 3907 Dardana
1114 3848 1229 3906 suscitat
1242 3867 1329 3907 arma.

621 3953 716 4028 Eripe,
737 3963 813 4022 nate,
833 3951 943 4028 sugam,
963 3951 1107 4027 finemque
1120 3951 1226 4028 inpone
1238 3950 1338 4009 labori.

623 4057 775 4130 Nusquam
788 4057 882 4123 abero,
903 4066 933 4112 et
945 4064 1041 4113 tutum
1054 4055 1146 4131 patrio
1160 4064 1188 4112 te
1200 4055 1302 4112 limine
1316 4053 1416 4112 naam.

624 4158 759 4216 Dixerat:
781 4167 811 4214 et
824 4157 912 4233 spissis
925 4157 1014 4214 nodtis
1028 4157 1056 4214 se
1068 4157 1197 4215 condidit
1209 4157 1327 4214 umbria.

624 4261 772 4335 Adparent
786 4260 854 4316 dirae
870 4257 965 4328 saciet,
985 4259 1159 4334 inimicaque
1170 4256 1265 4335 Trojae

625 4362 754 4421 Numina
768 4380 873 4437 magna
886 4362 982 4419 dedm.

664 4467 744 4523 Tum
757 4483 823 4522 vero
836 4483 923 4522 omne
935 4464 1008 4521 mihi
1022 4464 1113 4522 visum
1126 4464 1270 4523 confidere
1283 4464 1314 4522 in
1327 4464 1403 4542 ignia

628 4569 725 4639 Ilium,
746 4577 775 4626 et
787 4586 824 4624 ex
836 4566 897 4625 imo
910 4567 980 4624 verti
994 4567 1143 4643 Neptunia
1155 4566 1255 4643 Troja:

628 4673 675 4729 Ac
686 4670 786 4740 veluti,
807 4668 924 4727 summis
937 4667 1086 4745 antiquam
1099 4670 1130 4727 in
1143 4669 1289 4728 montibus
1300 4687 1404 4731 ornum
