3492 6884
542 1846 563 1895 ’4
790 1835 1091 1911 BUCOLICA,
1247 1843 1333 1903 udo,

540 1989 578 2049 Et
591 1991 662 2050 freta
675 1991 826 2053 destituent
839 1998 929 2054 nudos
942 1997 973 2054 in
986 1997 1069 2056 litore
1081 1995 1178 2074 piscis3

540 2095 795 2171 Ante,'pererratis
809 2100 957 2157 amborum
971 2100 1084 2167 finibus,
1105 2099 1183 2157 exsul

538 2198 602 2255 Aut
614 2199 730 2255 Ararim
745 2200 863 2257 Parthus
876 2201 963 2268 bibet,
974 2210 1024 2259 aut
1036 2200 1190 2258 Germania
1202 2198 1333 2277 Tigrim3

541 2298 639 2356 Quam
653 2299 744 2358 nostro
757 2301 833 2360 illius
846 2302 957 2360 labatur
969 2304 1083 2379 pedore
1095 2303 1195 2360 voltus.

850 2424 1027 2463 unmsoeus.

537 2504 581 2561 At
593 2522 643 2562 nos
657 2504 725 2564 hinc
739 2505 788 2563 alii
802 2505 921 2563 titientis
933 2506 1040 2565 ibimus
1054 2507 1140 2565 Afros
1145 2532 1154 2578 i

538 2607 603 2664 Pars
612 2607 758 2683 Scythiam
767 2618 796 2665 et
808 2608 940 2684 rapidum
950 2610 1043 2667 Cretae
1052 2609 1197 2666 veniemus
1210 2607 1331 2677 Oaxem,

535 2708 575 2765 Et
587 2710 700 2785 penitus
714 2720 774 2767 toto
786 2710 888 2768 ditisos
901 2712 968 2767 orbe
979 2711 1140 2768 Britannos.

535 2811 596 2868 Eni
619 2829 759 2887 umquam
770 2812 875 2887 patrios
887 2813 973 2888 longo
985 2812 1046 2887 post
1060 2823 1185 2887 tempore
1199 2812 1273 2882 finis,

534 2912 668 2988 Pauperis
680 2921 710 2969 et
723 2914 818 2988 tuguri
832 2913 996 2989 congestum
1008 2912 1112 2990 cespite
1125 2914 1248 2981 culmen,

534 3013 598 3070 Post
611 3013 728 3089 aliquot,
742 3033 804 3071 mea
819 3033 905 3090 regna
918 3015 1016 3072 videns
1029 3016 1161 3084 mirabor,
1176 3015 1289 3072 aristas?

534 3114 634 3192 Inpius
647 3116 709 3173 haec
722 3125 780 3174 tam
793 3116 868 3174 culta
882 3116 993 3175 novalia
1006 3117 1087 3175 miles
1100 3115 1237 3208 hatpebit?

533 3217 673 3275 Barbarus
685 3217 736 3275 has
750 3218 871 3294 segetes?
893 3220 945 3275 ent
968 3237 1025 3294 quo
1038 3218 1174 3276 discordia
1187 3218 1258 3276 civis

534 3318 671 3377 Perduxit
683 3319 811 3376 miseros!
833 3338 880 3389 en,
893 3321 957 3395 quis
970 3320 1144 3378 consevimus
1158 3322 1252 3396 agros!

533 3420 629 3479 Insere
641 3440 727 3491 nunc,
747 3421 893 3489 Meliboee,
912 3422 1001 3500 pirosi
1023 3441 1098 3499 pone
1111 3422 1209 3481 ordine
1219 3422 1300 3479 vitis!

532 3522 586 3593 Ite,
607 3544 686 3593 meae,
707 3523 778 3581 selix
792 3524 938 3600 quondam
950 3543 1043 3601 pecus,
1063 3524 1112 3592 ite,
1132 3524 1259 3599 capellae:

531 3626 602 3684 Nou
616 3645 671 3703 ego
683 3646 732 3685 vos
745 3627 868 3705 posthac,
882 3626 968 3684 viridi
982 3624 1121 3700 projestus
1133 3624 1165 3680 in
1178 3633 1269 3692 antro,

530 3727 660 3785 Dtunosa
672 3729 796 3804 pendere
809 3727 909 3803 procul
921 3727 957 3782 de
970 3742 1040 3799 rupe
1054 3723 1166 3781 videbo,

532 3830 669 3886 Carmina
682 3829 761 3885 nulla
774 3845 890 3885 canam:
913 3845 980 3894 non,
991 3844 1038 3883 me
1047 3824 1190 3902 pascente,
1202 3828 1330 3904 capellae,

530 3929 695 3989 Florentem
708 3927 832 4005 cytisum
843 3938 873 3984 et
887 3926 985 3984 salices
998 3926 1118 4003 carpetis
1131 3945 1249 3984 amaras.

856 4049 1002 4088 risurus.

528 4137 591 4194 Hic
602 4146 698 4194 tamen
708 4135 783 4193 hanc
792 4152 907 4192 mecum
917 4132 1022 4210 poteris
1030 4131 1204 4209 requiescere
1214 4133 1328 4193 nostem

531 4238 643 4296 Fronde
655 4238 738 4313 super
750 4236 835 4294 viridi
842 4261 850 4308 3
872 4234 939 4293 sunt
952 4235 1034 4293 uobis
1045 4235 1128 4293 mitia
1141 4254 1235 4311 poma,

531 4341 676 4399 cusanam
688 4339 797 4407 molles,
816 4347 847 4395 et
858 4336 940 4415 preffi
954 4336 1035 4415 copia
1047 4337 1142 4396 lastis:

530 4445 570 4502 Et
578 4442 639 4519 jam
653 4441 763 4499 summa
776 4440 876 4517 procul
889 4439 1022 4497 villarum
1035 4439 1162 4497 culmina
1175 4439 1302 4513 sumant,

531 4541 713 4620 Majoresque
725 4543 831 4601 cadunt
844 4541 910 4600 altis
922 4541 957 4598 de
970 4541 1116 4600 montibus
1129 4542 1246 4599 umbrae.
