3492 6884
510 1829 619 1895 v.s7s.
832 1823 932 1881 irs.
973 1823 997 1881 1.
1245 1830 1308 1893 πο]
1399 1792 1401 1795 ’

510 1977 608 2036 Vultis
620 1988 650 2036 et
663 1978 708 2036 his
719 1997 832 2037 mecum
846 1951 953 2056 pariter
965 1978 1108 2037 confidere
1121 1977 1233 2057 regnis?
1263 2017 1265 2023 ι
1294 1990 1296 1993 “

511 2080 623 2138 Urbem
636 2099 723 2156 quam
736 2080 836 2150 statuo,
848 2082 938 2139 vestra
951 2082 1003 2140 est:
1026 2079 1174 2139 subducite
1187 2099 1285 2140 naves:

510 2183 583 2240 Tros
594 2182 756 2260 Tyriusque
768 2183 842 2241 mihi
854 2184 935 2241 nullo
948 2182 1110 2241 discrimine
1122 2191 1234 2260 agetur.

510 2285 610 2368 Atque
624 2284 737 2343 utinam
749 2304 798 2343 rex
808 2266 881 2362 ipse,
900 2286 980 2343 Noto
994 2283 1145 2362 conpulsus
1157 2286 1267 2356 eodem,

510 2387 633 2445 Adforet
647 2387 768 2445 AEneas!
789 2387 926 2464 equidem
937 2405 988 2463 per
999 2386 1086 2467 litora
1098 2396 1190 2446 certos

509 2488 675 2559 Dimittam,
694 2499 726 2547 et
738 2489 838 2565 Libyae
850 2490 966 2547 lustrare
978 2499 1107 2547 extrema
1115 2488 1238 2566 jubebo;

510 2592 539 2650 Si
552 2594 657 2669 quibus
669 2589 774 2669 ejedus
787 2591 871 2658 silvis,
892 2601 941 2649 aut
954 2591 1080 2660 urbibus,
1099 2600 1184 2650 errat.

548 2694 744 2752 unanimum
758 2692 864 2752 aaroni
877 2692 970 2762 druis,
988 2693 1250 2752 etforusucuam
1323 2673 1329 2686 '

510 2796 548 2853 Et
559 2806 639 2872 pater
652 2797 761 2854 AEneas
771 2795 944 2872 jamdudum
956 2814 1105 2873 erumpere
1117 2799 1226 2855 nubem

508 2899 666 2956 Ardebant.
707 2899 785 2956 Prior
797 2898 913 2956 AEnean
927 2898 1069 2975 conpellat
1081 2899 1221 2957 Achates:

509 3001 587 3058 Nate
599 3002 662 3070 dei,
681 3020 746 3076 quae
758 3019 836 3058 nunc
854 2999 953 3057 animo
965 3000 1104 3058 sententia
1119 3000 1225 3077 surgit?

458 3142 460 3146 ι
508 3102 617 3161 Omnia
631 3112 692 3161 tuta
704 3103 799 3174 videm
820 3102 943 3170 classem,
963 3101 1108 3177 sociosque
1121 3112 1257 3180 receptos.

509 3206 593 3263 Unus
605 3205 690 3274 abest,
711 3205 807 3263 medio
819 3205 850 3262 in
864 3204 955 3261 fluctu
967 3223 1053 3280 quem
1067 3204 1191 3264 vidimus
1202 3205 1254 3283 ipsi

509 3307 708 3366 submersum:
730 3307 813 3365 disiis
826 3306 998 3382 respondent
1011 3316 1104 3364 cetera
1116 3307 1225 3366 matris.

509 3410 567 3467 Vix
579 3429 612 3468 ea
626 3410 702 3467 satus
714 3418 784 3480 erat,
803 3428 895 3485 quum
908 3408 1080 3467 circumfusa
1092 3419 1209 3487 repente

507 3512 618 3570 scindit
632 3511 660 3569 se
673 3513 771 3583 nubes,
792 3511 864 3569 etin
878 3512 983 3569 aethera
996 3522 1100 3588 purgat
1114 3523 1256 3589 apertum.

508 3615 621 3674 Restitit
635 3614 752 3682 AEneas,
772 3614 904 3689 clarique
917 3613 947 3670 in
960 3613 1025 3672 luce
1037 3614 1156 3683 refulsit,
1177 3631 1181 3636 ·

507 3717 549 3775 Os
562 3716 751 3792 humerosque
762 3716 816 3774 deo
829 3715 941 3773 fimilis:
963 3734 1088 3791 namque
1100 3717 1159 3795 ipsa
1172 3719 1302 3777 denorum

507 3818 659 3877 Caesariem
672 3830 740 3877 nato
753 3818 895 3895 genetrix,
915 3816 1070 3894 lumenque
1078 3818 1207 3896 juventa

505 3924 692 3999 Purpurmmr,
712 3931 741 3979 et
754 3921 833 3979 laetos
845 3920 936 3978 oculis
947 3921 1065 3980 adflarat
1078 3921 1207 3981 honores.

506 4024 602 4082 Quale
615 4043 717 4082 manus
729 4024 839 4081 addunt
852 4022 933 4080 ebori
950 4023 1045 4091 decus
1063 4036 1113 4082 aut
1126 4024 1176 4083 ubi
1188 4025 1263 4085 flavo

506 4129 680 4204 Argentum,
701 4126 831 4184 Pariusve
844 4125 926 4201 lapis,
945 4124 1139 4184 circumdatur
1151 4145 1230 4186 auro.

542 4231 620 4287 Tum
634 4229 671 4286 fic
684 4227 813 4305 reginam
826 4227 998 4302 adloquitur,
1009 4228 1175 4305 ctmfflsque
1185 4239 1301 4309 repente

505 4330 666 4407 lnprovisus
679 4330 745 4388 ait:·
757 4330 872 4399 Coram,
892 4348 981 4405 quem
993 4329 1129 4404 quaeritis,
1149 4331 1249 4391 adsum

503 4434 610 4491 Troius
623 4432 742 4499 AEneas,
761 4430 877 4507 Libycis
889 4442 1002 4508 ereptus
1013 4433 1050 4489 ab
1062 4433 1156 4491 undis.

504 4534 533 4593 Ο
547 4535 604 4592 sola
616 4534 749 4592 infandos
761 4533 855 4609 Trojae
868 4532 1000 4591 miserata
1013 4533 1131 4604 labores,

505 4639 581 4696 Quae
594 4656 654 4706 nos,
674 4635 808 4712 reliquias
821 4635 966 4705 Danaum,
987 4644 1124 4712 terraeque
1138 4637 1281 4715 murisque

503 4740 648 4801 Omnibus
660 4738 809 4799 exhaustos
816 4736 879 4815 jam
891 4738 1017 4818 casibus,
1028 4739 1161 4800 omnium
1174 4758 1287 4823 egenos,
