3492 6884
443 1802 531 1874 rod.
732 1798 831 1858 LIB.
869 1795 910 1857 ΙΙ.
1195 1799 1237 1864 66

445 1956 605 2033 Purpureae,
623 1953 794 2033 preciaeque:
816 1963 846 2012 et
859 1973 918 2031 quo
930 1961 960 2011 te
972 1952 1099 2013 carmine
1110 1954 1215 2026 dicam,

445 2057 590 2115 Rhaetica?
611 2075 666 2114 nec
677 2055 757 2114 cellis
770 2056 836 2114 ideo
847 2056 989 2114 contende
1002 2055 1137 2116 Falernis.

444 2161 517 2218 Sunt
530 2169 560 2217 et
574 2159 713 2218 Aminere
727 2158 808 2226 vites,
829 2158 983 2216 finniffima
997 2159 1077 2232 vina5

443 2262 563 2321 Tmolus
576 2272 607 2319 et
619 2261 749 2339 adsurgit
762 2261 875 2337 quibus,
888 2270 918 2319 et
931 2280 982 2319 rex
993 2261 1053 2340 ipse
1066 2262 1217 2336 Phanaeus,

443 2365 612 2443 Argitisque
625 2364 729 2435 minor,
748 2364 797 2421 cui
809 2383 866 2420 non
880 2365 1030 2422 certaverit
1044 2366 1112 2434 ulla,

443 2470 506 2527 Aut
520 2480 634 2527 tantum
646 2468 743 2536 fluere,
763 2477 813 2526 aut
827 2467 948 2525 totidem
962 2469 1063 2525 durare
1076 2487 1129 2546 per
1140 2474 1239 2527 aunon.

443 2571 514 2629 Non
527 2591 583 2648 ego
597 2581 635 2643 te,
655 2572 699 2629 dis
711 2580 741 2628 et
755 2570 857 2628 mensu
870 2572 990 2646 adcepta
1004 2570 1143 2641 secundis,

443 2673 626 2743 Tranfierim,
636 2671 762 2745 Rhodia3
778 2684 807 2731 et
820 2673 947 2740 tumidis,
958 2673 1097 2743 Bumaste,
1112 2671 1241 2732 racemis.

446 2776 501 2834 Sed
514 2795 616 2853 neque,
629 2754 717 2853 quarn
730 2776 828 2834 multae
841 2775 956 2853 species,
972 2795 1035 2847 noc,
1048 2776 1165 2835 nomina
1178 2795 1243 2860 que

523 2879 587 2950 fint,

322 2984 323 2987 ’
445 2981 491 3039 Eli
504 3000 652 3054 numerus3
667 2981 849 3057 nequeenim
862 2998 982 3040 numero
995 2984 1187 3059 conprendere
1197 3001 1241 3041 re·

522 3085 593 3143 fert:

444 3189 542 3246 Quem
555 3187 606 3264 qui
621 3186 692 3245 scire
706 3187 784 3255 velit,
805 3186 907 3264 Libyci
920 3186 990 3245 velit
1002 3188 1123 3264 aequoria
1135 3188 1214 3248 idem

443 3289 561 3348 Discere
574 3309 661 3365 quam
673 3290 773 3347 multae
786 3289 919 3367 Zephyro
933 3292 1085 3348 turbentur
1097 3309 1205 3361 arenata

441 3394 515 3463 Aut,
537 3392 587 3450 ubi
601 3392 724 3468 navigiis
737 3392 889 3450 violentior
899 3393 1004 3451 incidit
1017 3395 1118 3465 Eurus,

440 3495 540 3563 Nolle,
560 3504 630 3570 quot
643 3494 720 3552 Ionii
731 3494 848 3553 veniant
860 3495 896 3552 ad
908 3495 992 3553 litora
1004 3496 1116 3554 fluctus.

482 3598 547 3656 Nec
560 3616 627 3655 vero
641 3607 723 3655 terrae
736 3597 811 3654 serre
823 3615 923 3655 omnes
935 3598 1031 3655 omnia
1044 3598 1174 3675 poliunt:

443 3700 623 3760 Fluminibus
636 3687 742 3768 salices,
762 3699 912 3776 crassisque
924 3700 1074 3777 paludibus
1087 3701 1155 3771 alni,

443 3804 623 3876 Nascuntur;
645 3804 751 3862 steriles
764 3802 864 3861 saxosls
877 3804 1023 3861 montibus
1036 3803 1113 3861 orni:

444 3907 541 3965 Litora
555 3903 686 3985 myrtetis
698 3907 852 3965 laetissima:
875 3906 1000 3982 denique
1012 3914 1124 3982 apertos

442 4010 570 4068 Bacchus
583 4021 660 4069 amat
673 4011 762 4079 collis,
782 4010 945 4087 aquilonem
958 4018 987 4066 et
1000 4010 1108 4086 frigora
1122 4008 1192 4068 taxi.
1238 4012 1241 4018 ’

442 4112 568 4189 Adspice
580 4124 611 4171 et
623 4113 759 4172 extremis
773 4113 915 4171 domitum
929 4112 1085 4172 cultoribus
1097 4114 1206 4184 orbem,

332 4274 334 4278 ,
443 4216 571 4293 ansque
583 4218 682 4274 domoc
696 4219 834 4287 Arabum,
853 4216 1000 4293 pistorque
1011 4215 1136 4274 Gelonos
1144 4241 1153 4287 ς

442 4318 550 4377 Divisae
563 4319 710 4378 arboribus
723 4320 834 4395 patriae:
856 4318 914 4376 sola
928 4317 1009 4376 India
1023 4318 1140 4395 nigrum

441 4422 508 4479 Fert
520 4423 644 4480 ebenum
649 4447 658 4493 ;
681 4421 746 4479 solis
758 4421 797 4499 est
810 4432 890 4479 turea
903 4421 982 4498 virga
997 4421 1111 4480 Sabaeia.

442 4524 525 4582 Ouid
537 4524 592 4582 tibi
605 4525 722 4583 odorato
735 4525 857 4583 reseram
871 4524 1001 4582 sudantia
1014 4524 1095 4601 ligno

441 4626 635 4704 balsamaque,
655 4637 685 4686 et
698 4630 797 4686 baccas
809 4627 919 4704 semper
931 4626 1090 4685 frondentis
1102 4624 1234 4684 acanthi?

443 4730 526 4789 Quid
538 4749 655 4790 nemora
667 4730 850 4810 AEthiopum,
869 4730 951 4789 molli
964 4728 1097 4789 canentia
1109 4729 1191 4811 lana?
1220 4761 1228 4777 ·

832 4828 850 4866 r
