3492 6884
424 1745 521 1812 ‘162
782 1748 944 1808 cirus,
1157 1757 1266 1821 veut,
1328 1836 1333 1847 .

457 1903 606 1978 Lentaque
618 1910 768 1980 perpetuas
781 1879 921 1963 sudenmt
932 1903 1049 1963 brachia
1061 1924 1180 1983 pennas.

455 2003 528 2064 Inde
541 2005 609 2063 alias
622 2006 718 2082 partis,
738 2006 887 2084 minioque
900 2007 1005 2065 insedta
1019 2007 1137 2066 rubenti

455 2107 557 2176 Crura,
577 2110 650 2165 nova
664 2109 769 2167 macies
783 2109 905 2168 obduxit
919 2109 1047 2187 squalida
1063 2110 1143 2188 pelli,

453 2209 492 2267 Et
504 2210 624 2286 pedibus
639 2211 743 2269 teneris
757 2230 867 2290 ungues
880 2212 1001 2270 confixit
1013 2222 1120 2270 acutos.

453 2312 492 2372 Et
506 2321 602 2369 tamen
617 2312 671 2369 hoc
685 2314 801 2370 demum
813 2313 923 2372 miscrae
936 2314 1096 2372 succurrere
1109 2314 1191 2390 pado

452 2414 514 2471 Vix
526 2415 619 2472 suerat
633 2414 744 2490 placidi
758 2416 889 2494 Neptuni
902 2416 1026 2493 conjuge
1039 2416 1172 2493 dignum.

451 2516 622 2592 Numquam
637 2517 718 2574 illam
730 2517 846 2594 posthac
859 2518 937 2576 oculi
950 2518 1046 2576 videre
1059 2518 1174 2577 suorum

454 2619 610 2695 Purpureas
623 2619 697 2675 flavo
710 2618 884 2677 retinentem
897 2621 1003 2678 vertice
1016 2621 1116 2691 vittas;

454 2721 526 2780 Non
538 2722 680 2779 thalamus
692 2722 782 2798 Tyrio
794 2723 923 2801 fragrans
936 2725 1050 2801 adcepit
1063 2743 1186 2791 amomo,

454 2824 554 2888 Nullae
567 2824 647 2881 illam
661 2823 751 2881 sedes:
774 2825 846 2901 quid
853 2824 916 2901 jam
928 2846 995 2883 cum
1009 2826 1123 2885 sedibus
1136 2827 1197 2884 illi?

455 2928 533 2985 Quae
546 2925 629 2984 simul
642 2936 675 2982 ut
688 2926 746 2984 sese
759 2946 830 2985 cano
842 2929 878 2986 de
891 2929 1007 3005 gurgite
1021 2929 1105 2987 velox

453 3031 530 3088 Cum
543 3028 640 3087 sonitu
653 3030 688 3087 ad
703 3029 808 3088 coelum
822 3030 1004 3093 stridentibus
1016 3032 1121 3090 extulit
1133 3032 1193 3102 alis,

452 3134 492 3191 Et
504 3133 630 3190 multum
642 3131 699 3189 late
712 3131 840 3209 dispersit
853 3133 885 3191 in
897 3153 1010 3210 aequore
1024 3152 1132 3206 rorem3

452 3233 561 3293 Infelix
573 3233 665 3311 virgo,
686 3234 881 3310 nequidquam
894 3254 910 3293 a
924 3245 1015 3294 morte
1027 3246 1150 3314 recepta,

332 3392 333 3396 ,
451 3337 600 3394 Incultum
613 3328 677 3394 solis
691 3338 720 3393 in
735 3336 852 3413 rupibus
864 3336 958 3415 exigit
970 3356 1073 3407 aevum,

453 3438 592 3515 Rupibus,
612 3450 642 3495 et
655 3437 787 3516 scopulis,
806 3451 835 3497 et
847 3440 979 3499 litoribus
993 3440 1119 3499 desertis.

452 3541 517 3599 Nec
530 3551 627 3598 tamen
645 3540 700 3598 hoc
719 3541 823 3598 iterum
836 3542 922 3619 poeui
935 3544 1008 3600 srne:
1031 3562 1155 3619 namque
1168 3543 1255 3602 deum
1311 3558 1314 3563 “

530 3663 590 3711 rex,

449 3746 557 3805 Omnia
572 3746 623 3821 qui
637 3745 756 3821 imperio
770 3758 909 3803 terrarum
922 3745 1011 3804 millia
1025 3747 1126 3815 versat,
1143 3742 1166 3788 '·

450 3849 610 3906 Conmotus
624 3849 710 3906 talem
724 3848 760 3903 ad
773 3847 887 3923 superos
899 3848 1018 3905 volitare
1032 3850 1167 3924 puellam,

450 3951 526 4008 Cum
540 3959 621 4026 pater
634 3948 775 4006 extinelus
789 3950 862 4006 caecil
876 3948 928 4006 sub
942 3950 1025 4006 noete
1037 3950 1147 4019 lateret,

448 4051 496 4109 Illi
509 4052 680 4126 propietate
695 4049 742 4107 sua
757 4052 838 4125 (nam
852 4048 925 4125 saepe
939 4051 1048 4127 tepenti

448 4153 594 4229 Sanguine
608 4163 755 4208 taurorum
767 4150 887 4227 supplex
900 4151 1066 4228 resperserat
1078 4172 1147 4224 aras,

448 4257 527 4332 Saepe
540 4254 627 4312 deitm
640 4254 720 4330 largo
734 4254 880 4311 decorarat
893 4274 1010 4334 munere
1024 4256 1115 4330 sedes)

448 4357 584 4417 Reddidit
599 4366 736 4433 optatam,
756 4366 867 4413 mutato
880 4375 1005 4435 corpore,
1027 4359 1114 4416 vitam
1121 4386 1129 4431 3
1225 4353 1236 4378 '

448 4461 528 4520 Fecit
541 4471 569 4518 et
583 4460 614 4517 in
628 4458 709 4516 terris
723 4458 880 4516 Haliaeetus
892 4460 950 4517 ales
963 4470 996 4517 ut
1009 4461 1092 4519 esset:

449 4563 567 4640 Quippe
580 4559 682 4637 aquilis
696 4560 804 4637 semper
818 4561 923 4638 gaudet
936 4561 1005 4620 deus
1017 4564 1066 4621 ille
1079 4567 1218 4624 coruscus.

448 4665 528 4725 Huic
542 4684 608 4723 vero
621 4661 738 4734 misere,
759 4663 896 4739 quoniam
909 4665 1042 4725 damnata
1057 4668 1176 4727 deorum
