3492 6884
430 1854 465 1914 ¹v.
479 1833 530 1907 96.
741 1835 795 1893 LI
807 1835 839 1894 B.
878 1833 934 1894 tv.
1177 1840 1236 1905 109

440 1989 576 2064 Namque
589 1986 653 2046 aiiae
664 1996 760 2067 tur-per
773 1990 892 2048 horrent
895 2013 906 2062 ς
926 2008 988 2059 ceu,
1001 1988 1117 2066 pulvere
1127 1988 1164 2046 ab
1176 1986 1237 2046 aito

441 2091 543 2149 Ouum
555 2090 644 2158 venit,
664 2100 695 2150 et
708 2092 779 2150 fieoo
792 2102 897 2151 terram
910 2092 986 2170 spuit
998 2111 1047 2151 ore
1058 2092 1151 2149 viator
1182 2081 1185 2085 ’

438 2193 561 2252 Aridus:
583 2193 698 2267 elucent
710 2194 783 2263 nliae,
802 2205 832 2251 et
844 2195 958 2272 fulgore
969 2192 1126 2263 coruscant,

440 2296 583 2369 Ardentes
595 2314 664 2354 auro
677 2305 708 2353 et
719 2296 834 2373 paribus
846 2296 899 2376 lita
911 2314 1027 2373 eorporu
1040 2295 1140 2372 guttis.

439 2398 512 2455 Haee
525 2396 619 2474 potior
630 2397 757 2455 suboleo:
779 2397 848 2455 hinc
861 2397 928 2455 coeli
941 2408 1069 2474 tempore
1081 2405 1161 2455 certo

440 2498 545 2557 Dulcia
554 2499 640 2557 mello
649 2518 760 2576 premes
764 2523 776 2572 3
795 2518 848 2557 nec
859 2497 1085 2569 tuntumdulcia,
1095 2488 1238 2576 quantuni

440 2601 478 2660 Et
491 2600 610 2677 liquida,
630 2612 660 2660 et
672 2602 777 2659 durum
789 2600 895 2659 Bacchi
907 2600 1050 2659 domitum
1063 2600 1201 2678 saporem.

479 2703 532 2774 At,
552 2721 645 2779 quum
660 2702 770 2761 ineerta
783 2702 881 2761 volant
900 2703 1030 2781 coeloque
1048 2702 1239 2762 aminniu-

558 2805 641 2875 dunt,
854 2855 869 2888 ·

442 2907 697 2982 contemnuntque
709 2905 797 2975 favos,
809 2914 839 2964 et
851 2905 957 2981 frigida
972 2907 1045 2965 teitu
1056 2906 1222 2984 relinquunt
1226 2930 1238 2980 ᾖ
1318 2945 1322 2955 -

324 2996 326 3001 ¹
442 3008 585 3067 instabilis
596 3008 706 3066 animos
715 3007 784 3065 ludo
796 3007 961 3084 prohibebis
972 3008 1067 3066 inani:

439 3111 506 3169 Nec
519 3128 640 3187 magnus
652 3109 802 3186 prohibere
814 3110 908 3182 iabor3
930 3119 963 3166 tu
975 3110 1090 3186 regibus
1102 3109 1161 3170 alar

398 3242 400 3245 ⁴
440 3213 543 3291 Eripe:
564 3232 623 3271 non
635 3212 694 3270 illis
707 3211 857 3288 quisquam
869 3211 1068 3271 onerantibus
1081 3214 1173 3272 altum

441 3316 487 3374 lre
498 3315 564 3385 iter,
584 3324 635 3372 aut
647 3313 741 3371 castris
754 3312 872 3370 audebit
884 3312 988 3371 vellere
1001 3313 1087 3391 signa.

440 3417 571 3475 Invitent
583 3414 689 3473 croceio
702 3413 830 3472 halantes
842 3412 962 3471 floribus
975 3413 1061 3484 horti,

440 3520 488 3590 Et,
503 3519 593 3576 custos
606 3517 704 3575 surum
717 3524 803 3590 atque
816 3513 923 3583 avium,
936 3533 1003 3571 cum
1015 3514 1090 3573 falce
1102 3514 1212 3595 saligni

439 3616 667 3697 Hellespontiaci
679 3616 772 3675 servet
784 3615 874 3674 tutela
888 3615 990 3693 Priapi.

440 3723 513 3801 lpse,
534 3722 667 3798 thymum
680 3718 819 3795 pinosque
832 3716 927 3775 ferens
939 3717 975 3774 de
987 3718 1133 3777 montibus
1145 3718 1219 3791 altio,

440 3825 529 3886 Tedia
544 3824 617 3882 serat
629 3823 688 3880 late
701 3821 818 3888 circum,
838 3819 886 3877 cui
898 3819 966 3878 tolia
980 3839 1070 3893 cum

441 3928 506 4006 Ipse
518 3929 615 3987 labore
627 3942 746 3984 manum
756 3925 828 3981 duro
841 3931 915 3980 terat
920 3947 929 3994 ς
949 3922 1010 4000 ipse
1022 3924 1124 3984 feraci·

441 4032 526 4110 Figat
540 4031 629 4088 humo
641 4029 762 4106 plautae,
780 4036 811 4084 et
823 4025 930 4084 amicos
940 4025 1048 4103 inriget
1059 4026 1168 4087 imbrii.
1245 4063 1248 4071 ·

480 4136 579 4210 Atque
599 4130 743 4208 equidem,
762 4137 892 4187 extremo
905 4129 937 4186 ni
945 4129 1008 4207 jam
1021 4129 1073 4189 sub
1085 4130 1145 4190 tine
1157 4132 1237 4192 labo·

558 4254 624 4293 rum

440 4339 515 4400 Vela
528 4338 649 4406 trabum,
669 4345 699 4395 et
712 4335 792 4395 terris
805 4336 937 4401 festinem
950 4337 1095 4396 advertere
1107 4356 1236 4416 proram3

440 4443 567 4503 Forfitan
580 4452 619 4512 et,
638 4439 755 4519 pinguis
768 4440 863 4498 horton
877 4459 942 4515 quae
953 4459 1021 4499 cura
1034 4442 1149 4500 oolendi

441 4546 576 4613 Ornaret,
595 4562 735 4612 canerem,
755 4542 897 4618 biferique
909 4542 1013 4602 roseria
1025 4543 1120 4617 Paesti3

443 4651 570 4726 Quoque
582 4648 669 4706 modo
681 4646 756 4723 potin
768 4646 927 4723 gauderent
939 4646 1039 4705 intuba
1051 4646 1127 4717 rivio,
1245 4698 1250 4706 .

439 4753 478 4815 Et
491 4752 595 4831 viride·
607 4750 672 4829 apio
685 4749 769 4829 ripae3
789 4758 939 4827 tortorque
950 4766 1002 4827 per
1013 4748 1133 4808 herbam
1207 4797 1213 4809 .
