3492 6884
509 1793 569 1848 240
758 1787 1036 1861 AENEIDOS,
1201 1789 1306 1850 ulida.

509 1943 619 2000 Cuncta
638 1951 726 2020 pater,
747 1945 863 2021 fatoque
877 1946 1012 2022 urguenti
1031 1947 1196 2004 incumbere
1209 1947 1306 2005 vellet.

508 2046 662 2120 Abnegat,
684 2047 863 2125 inceptoque,
883 2059 914 2107 et
926 2050 1037 2107 sedibus
1049 2048 1139 2106 haeret
1151 2049 1181 2105 in
1193 2049 1294 2107 isdem.

548 2147 653 2206 Rursus
673 2149 704 2207 in
724 2169 803 2208 arma
824 2152 909 2221 seror,
931 2161 1111 2229 mortemque
1131 2150 1306 2209 miserrimus

625 2261 708 2329 opto:
751 2246 766 2275 ⁹

507 2350 587 2410 Nam
599 2354 676 2429 quod
689 2354 846 2426 confilium,
864 2364 915 2413 aut
927 2375 991 2431 quae
999 2354 1060 2434 jam
1073 2355 1198 2425 fortuna,
1218 2356 1305 2414 deba·

624 2461 687 2516 tur?

505 2557 596 2618 Mene
609 2560 709 2618 efferre
721 2561 833 2638 pedem,
854 2562 976 2638 genitor,
998 2571 1027 2619 te
1040 2561 1116 2638 posse
1128 2561 1227 2620 relidio

505 2663 642 2740 Spetasti?
664 2673 835 2739 tantumque
847 2664 927 2722 nesae
938 2664 1032 2741 patrio
1043 2663 1151 2722 excidit
1163 2666 1230 2721 ore?

504 2764 535 2822 Si
547 2764 621 2822 nihil
633 2783 671 2822 ex
684 2765 764 2822 tanta
777 2766 889 2843 Superis
901 2766 995 2843 placet
1006 2767 1077 2824 urbe
1089 2765 1222 2844 relinqui,

503 2865 543 2925 Et
555 2861 633 2925 sedet
645 2867 700 2925 hoc
713 2868 818 2934 animo,
837 2867 1028 2943 perituraque
1041 2868 1144 2926 addere
1156 2865 1250 2945 'l'rojae

501 2968 604 3044 Teque
617 2977 736 3045 tuosque
744 2968 840 3046 juvat;
862 2979 941 3046 patet
953 2969 999 3027 isti
1007 2969 1096 3046 janua
1108 2969 1183 3028 leto:

501 3071 626 3149 Jamque
639 3070 730 3129 aderit
743 3072 835 3130 multo
849 3071 953 3131 Priami
965 3073 1002 3130 de
1014 3071 1153 3149 sanguine
1166 3059 1299 3149 l’yirbus,

502 3171 616 3230 Natum
636 3185 703 3231 ante
720 3192 768 3232 ora
784 3142 882 3251 patris,
901 3184 1012 3251 patrem
1024 3173 1075 3251 qui
1095 3176 1248 3232 obtruncat
1263 3176 1299 3232 ad

580 3290 650 3335 8188.

370 3388 376 3405 “
502 3377 666 3450 Hocc'erat,
675 3379 749 3438 alma
757 3397 866 3455 parem,
876 3379 952 3455 quod
961 3397 1007 3436 me
1015 3380 1140 3456 pertela,
1151 3399 1203 3457 per
1211 3380 1297 3458 ignis,

499 3480 602 3557 Eripis,
622 3492 655 3538 ut
668 3482 770 3539 mediis
783 3481 891 3539 hostem
904 3482 935 3540 in
948 3483 1148 3559 penetralibus,
1168 3493 1259 3560 utque

498 3582 666 3652 Ascanium,
685 3593 852 3661 patremque
870 3602 977 3652 meum,
992 3583 1133 3660 juxtaque
1150 3585 1297 3654 Creirsarn,

499 3689 634 3747 Alterum
646 3688 677 3746 in
691 3688 806 3746 alterius
819 3687 955 3744 maciatos
968 3686 1114 3764 sanguine,
1135 3693 1268 3746 cernam?
1288 3684 1295 3697 ’

499 3793 600 3862 Arma,
620 3791 684 3859 viri,
703 3791 777 3849 ferte
789 3809 883 3848 arma:
905 3798 988 3847 vocat
999 3789 1051 3847 lux
1062 3790 1164 3847 ultima
1178 3791 1275 3850 vidos.

437 3947 439 3951 .
499 3893 620 3953 Reddite
632 3913 679 3951 me
692 3893 811 3952 Danais:
833 3891 916 3950 sinite
933 3891 1083 3950 instaurata
1097 3891 1217 3950 revisam

498 3996 610 4055 Proelia.
629 3995 798 4071 Numquam
816 4012 915 4052 omnes
928 3993 1013 4051 hodie
1025 3995 1182 4053 moriemur
1198 3995 1294 4053 inulti.

538 4098 618 4155 Hinc
631 4098 707 4155 ferro
720 4097 858 4173 adcingor
870 4095 972 4164 rursus,
986 4096 1134 4174 clipeoque
1148 4097 1285 4156 sinisiram

498 4198 674 4258 insertabam
687 4205 796 4274 aptans,
816 4217 921 4273 meque
934 4209 1014 4256 extra
1031 4199 1104 4257 tecta
1117 4200 1254 4259 ferebam.

496 4301 584 4360 Eccel
604 4310 711 4368 autem,
730 4299 868 4376 conplexa
881 4302 976 4376 pedes,
995 4300 1027 4357 in
1041 4300 1142 4360 limine
1153 4301 1281 4380 conjunx

496 4405 642 4470 Haerebat,
662 4421 839 4480 parvumque
852 4402 926 4478 patri
940 4403 1076 4461 tendebat
1090 4403 1199 4462 lulum:

495 4506 526 4566 Si
539 4507 681 4585 periturus
694 4506 763 4576 abir,
782 4514 812 4563 et
825 4522 876 4562 nos
888 4523 955 4581 rape
968 4505 999 4561 in
1012 4506 1107 4563 omnia
1121 4515 1233 4578 tecum;

496 4608 546 4670 Sin
559 4611 685 4689 aliquam
697 4619 830 4686 expertus
844 4608 943 4666 sumtis
954 4608 1031 4686 spem
1044 4611 1127 4686 ponis
1139 4612 1171 4669 in
1183 4613 1279 4684 armis,

494 4711 581 4772 Hanc
590 4712 717 4790 primum
730 4719 825 4770 tutare
836 4712 964 4770 domum.
998 4712 1055 4770 Cui
1067 4725 1170 4790 parvm
1182 4715 1271 4787 rurus,
