3492 6884
636 2091 719 2166 AD
759 2090 1119 2169 LECTOREM.

735 2328 1023 2376 -4-

478 2531 588 2616 *Eccnl
603 2555 765 2615 absolutum
778 2555 832 2615 tibi
846 2556 1014 2633 promissum
1027 2557 1163 2627 nostrum,
1177 2556 1274 2616 ledor.

481 2656 579 2715 Prodit
595 2657 742 2736 Virgilius,
766 2658 931 2717 chartarum
951 2659 1043 2716 nitore
1063 2659 1175 2717 summo
1194 2659 1276 2717 lucu·

480 2758 584 2828 lentus,
611 2770 641 2817 et
663 2760 697 2818 ei
720 2769 855 2838 typorum
875 2760 1098 2837 pulchritudine,
1123 2781 1188 2837 quae
1208 2761 1276 2819 tulit

424 2851 427 2855 ⁴
479 2880 566 2920 omne
587 2862 725 2938 pontium
742 2862 939 2922 venustiorum
958 2863 1109 2922 hominum
1131 2863 1163 2921 in
1181 2864 1275 2922 Hora-

480 2962 530 3022 tio.
559 2965 667 3023 Eadem
680 2965 737 3023 fuit
750 2965 885 3024 editionis
896 2964 1014 3041 hujusce
1026 2964 1111 3037 ratio,
1134 2965 1186 3023 nili
1197 2966 1275 3042 qubd

479 3066 517 3124 ad
538 3066 649 3125 minora
671 3069 812 3145 podmata,
839 3076 875 3125 ut
896 3066 1054 3143 plurimdm
1077 3067 1157 3143 parvi
1179 3067 1274 3144 pretii,

478 3168 579 3226 multis
595 3169 775 3247 interpolata,
798 3178 828 3227 et
847 3168 981 3246 suspeiiae
1001 3169 1186 3240 autioritatis,
1205 3188 1275 3230 oon·

474 3270 593 3354 jedluris
605 3272 722 3338 libains
733 3269 945 3330 indulserimus.

515 3372 625 3452 Heynii
640 3373 806 3443 editionem,
831 3376 957 3433 Londini
978 3377 1071 3464 nupir
1086 3385 1275 3453 pincuratam,

475 3476 508 3537 in
520 3477 666 3554 exemplar
678 3476 812 3536 adhibere
824 3477 915 3550 volui,
936 3480 971 3537 ad
985 3478 1065 3537 Fabii
1082 3480 1178 3536 tamen
1191 3498 1274 3537 men-

475 3592 544 3651 tem,
563 3581 640 3639 instt.
654 3589 724 3640 orat.
738 3580 760 3641 i.
773 3589 801 3653 7.
822 3580 960 3639 ablativos
978 3579 1057 3638 casus
1070 3581 1100 3638 in
1114 3604 1134 3637 a
1145 3582 1274 3639 delinen-

476 3696 517 3743 tes
534 3684 666 3763 angulari
685 3684 766 3761 apice
785 3682 911 3741 distinxi.
951 3683 1033 3741 Quid
1052 3684 1128 3742 ultri
1146 3683 1273 3744 variave-

475 3789 541 3857 rim,
566 3800 669 3864 praeter
688 3787 903 3865 diligentiorem
923 3786 1193 3864 interpontiionem,
1220 3807 1272 3847 no-

473 3891 543 3948 tulae
560 3890 660 3967 saepibe
677 3890 874 3948 declarabunt:
896 3889 1055 3966 inquibus,
1075 3890 1145 3948 citra
1158 3891 1272 3949 violatae

472 3994 600 4053 veritatis
612 3994 733 4060 crimen,
746 3992 853 4070 possem
865 3993 1062 4073 affinnare,·et
1074 3995 1110 4052 ad
1123 3994 1272 4053 donorum

471 4096 627 4155 sententias
643 4114 805 4172 provocare,
826 4095 908 4171 plura
920 4095 976 4154 effe
989 4096 1093 4155 reitibs
1108 4096 1270 4166 constituta,

471 4201 559 4258 etiim
572 4196 633 4276 post
645 4208 689 4257 tot
698 4198 873 4257 eruditorum
886 4198 1039 4256 hominum
1050 4200 1270 4270 lucubrationes,

471 4305 559 4379 quim
575 4302 607 4360 in
620 4301 791 4378 quibusdam
808 4300 984 4361 editionibus
996 4322 1102 4380 magno
1120 4304 1271 4363 molimine

470 4405 609 4483 volgatis,
630 4404 684 4463 nifi
703 4404 814 4463 ledloris
833 4404 981 4482 integrum
1000 4405 1145 4482 judicium
1165 4407 1269 4480 subire,

469 4519 500 4568 et
512 4510 606 4568 facere
618 4510 702 4579 bona,
722 4510 809 4585 quam
822 4506 997 4583 promittere,
1009 4509 1171 4569 maluerim.

509 4612 657 4671 Hailenbs
680 4612 780 4670 autim
804 4610 990 4670 severioribus
1009 4612 1172 4691 bibliopolae
1196 4614 1269 4691 legi·

469 4716 532 4793 bus,
545 4724 626 4777 notas
636 4714 711 4777 mihi
723 4715 811 4795 quam
823 4713 996 4778 breviffimar
1013 4714 1197 4796 imponentis,
1216 4719 1269 4777 ob·
