3492 6884
487 1831 595 1893 mou.
750 1838 753 1842 ’
806 1834 903 1895 LIB.
942 1836 968 1897 1.
1246 1841 1283 1897 31

486 1986 616 2046 Vomeris
629 1989 721 2048 obtusi
740 1991 856 2049 dentem
863 2017 872 2064 3
894 1999 976 2049 cavat
989 1992 1087 2049 arbore
1099 1988 1212 2062 lintres,

485 2090 548 2147 Aut
559 2091 655 2168 pecori
667 2091 780 2168 signum
793 2103 843 2151 aut
855 2112 988 2152 numeros
1001 2092 1127 2169 inpresiit
1140 2092 1256 2152 acervis.

484 2191 636 2251 Exacuunt
647 2193 735 2252 vallos
748 2195 798 2253 alii
810 2196 960 2271 furcasque
973 2194 1106 2262 bicornis,

484 2295 583 2369 Atque
596 2297 735 2355 Amerina
748 2309 849 2374 parant
862 2300 948 2356 lentae
962 2298 1117 2356 retinacula
1130 2298 1194 2357 viti.

484 2396 573 2455 Nunc
586 2398 680 2457 facilia
692 2403 778 2458 rubei
792 2411 905 2459 texatur
918 2402 1015 2459 fiscina
1029 2401 1108 2477 virgi
1115 2425 1124 2471 ;

482 2498 572 2557 Nunc
585 2511 688 2560 torrete
701 2502 763 2579 igni
777 2504 883 2579 sruges,
904 2522 981 2561 nunc
994 2503 1119 2580 frangite
1132 2503 1209 2562 saxo.

483 2601 601 2678 Quippe
614 2603 701 2661 etiam
715 2604 791 2662 sestis
804 2606 935 2681 quedam
948 2624 1079 2663 exercere
1093 2605 1194 2663 diebus

483 2703 535 2761 Fas
548 2714 577 2762 et
584 2704 649 2782 jura
664 2706 773 2764 finunt:
796 2708 869 2765 rivos
883 2708 1021 2765 deducere
1034 2707 1113 2764 nulla

482 2805 596 2882 Religio
608 2807 709 2876 vetuit,
729 2810 818 2884 segeti
831 2809 1005 2885 pretendere
1018 2808 1131 2885 saepem,

481 2906 710 2967 insidiatoribus
723 2909 827 2979 moliri,
847 2910 1000 2968 incendere
1012 2929 1117 2987 vepres,

481 3009 690 3087 Balantumque
703 3031 818 3088 gregem
833 3012 922 3069 fluvio
936 3012 1055 3069 mersare
1069 3010 1182 3070 salubri.

481 3112 561 3188 Saepe
573 3112 637 3171 oleo
650 3114 724 3170 tardi
734 3114 821 3176 costas
834 3114 957 3189 agitator
970 3114 1058 3182 aselli,

481 3212 596 3271 Vilibus
609 3225 659 3272 aut
671 3227 769 3272 onerat
782 3216 888 3292 pomis,
910 3216 1092 3293 lapidemque
1104 3226 1246 3275 revertens

481 3316 626 3385 Incusum,
646 3328 695 3375 aut
709 3329 777 3375 atrae
790 3317 906 3376 inuisam
920 3317 1001 3395 picis,
1021 3321 1092 3376 urbe
1105 3329 1238 3397 reportat.

517 3419 582 3495 lpsa
593 3419 653 3477 dies
665 3419 734 3477 alios
747 3419 804 3477 alio
817 3420 897 3477 dedit
909 3419 1009 3477 ordine
1022 3422 1104 3478 Luna

477 3520 585 3578 Felices
598 3539 729 3598 operum:
752 3521 884 3597 quintam
897 3521 966 3597 suge
971 3545 980 3590 ;
1001 3521 1123 3597 pallidus
1135 3521 1237 3591 Orcus,

478 3624 708 3700 Eumenidesque
721 3623 800 3682 satae:
825 3634 888 3681 tum
901 3635 983 3700 partu
995 3625 1085 3681 Terra
1098 3626 1224 3683 nefando

477 3728 648 3802 Coeumque,
659 3727 848 3803 lapetumque
858 3735 944 3796 creat,
959 3725 1121 3802 saevumque
1127 3727 1276 3804 Typhoia,

479 3831 516 3887 Et
527 3827 686 3905 conjuratos
699 3829 804 3887 coelum
817 3829 974 3887 rescindere
987 3829 1096 3887 fratres.

476 3931 534 3988 Ter
546 3931 611 3988 sunt
623 3930 719 3988 conati
733 3931 868 4007 inponere
882 3932 959 3989 Pelio
972 3931 1072 3989 Ossam

476 4033 600 4102 Seilicet,
620 4045 705 4109 atque
725 4031 801 4091 Ossae
819 4033 985 4090 frondosum
1002 4033 1147 4093 involvere
1169 4034 1274 4113 Olym·

553 4154 638 4213 pum:

475 4238 534 4296 Ter
546 4247 625 4315 pater
637 4237 790 4295 exstructos
801 4236 911 4314 disjecit
924 4236 1047 4295 fulmine
1061 4238 1176 4298 montis.

476 4343 612 4419 Septuma
625 4342 685 4418 post
700 4342 850 4398 decumam
864 4340 944 4409 felix,
964 4351 993 4397 et
1006 4360 1110 4417 ponere
1123 4341 1221 4413 vitem,

477 4445 514 4502 Et
526 4443 638 4521 prensos
651 4442 790 4501 domitare
804 4445 897 4511 boves,
917 4452 946 4500 et
958 4443 1023 4500 licia
1038 4444 1101 4500 tela:

476 4546 603 4605 Addere:
627 4563 701 4602 nona
716 4545 793 4620 fugae
806 4544 917 4615 melior,
937 4545 1078 4603 contraria
1092 4545 1189 4606 furtis.

515 4647 610 4705 Multa
623 4647 694 4705 adeo
707 4647 801 4723 gelidrl
813 4646 915 4703 melius
928 4647 956 4704 se
969 4648 1051 4706 noste
1063 4648 1173 4717 dedere,

476 4754 539 4808 Aut
551 4767 642 4831 quum
654 4748 712 4810 sole
724 4768 799 4808 novo
812 4758 897 4808 terras
910 4748 1016 4809 inrorat
1030 4751 1116 4809 Eoi'u.
