3492 6884
503 1781 542 1836 te
735 1774 1061 1848 GEORGIcON,
1187 1780 1293 1841 ulto.

502 1931 552 1988 Ne
563 1930 681 1989 subeant
693 1918 797 2002 berbae,
816 1952 871 1991 neu
885 1934 1000 2010 pulvere
1012 1934 1087 1993 vicia
1100 1933 1225 1993 fatiscat:

502 2033 581 2090 Tum
592 2033 677 2090 variae
689 2033 821 2092 inludant
830 2036 934 2116 pestes:
957 2036 1028 2113 saepe
1040 2035 1161 2113 exiguus
1173 2054 1237 2094 mua

503 2135 562 2193 Sub
576 2135 657 2192 terris
669 2134 818 2213 posuitque
830 2137 928 2195 domos
941 2146 1027 2213 atque
1039 2138 1138 2195 horrea
1151 2136 1234 2210 fecit3

501 2236 566 2293 Aut
577 2236 667 2294 oculis
680 2238 757 2314 capti
770 2237 867 2295 fodere
880 2238 985 2296 cubilia
999 2240 1097 2315 talpae;

502 2337 695 2417 iuventorque
707 2341 783 2398 cavis
796 2341 876 2409 bufo,
896 2352 926 2398 et
939 2361 1003 2417 quae
1015 2341 1139 2418 plurima
1152 2352 1234 2399 terrae

502 2439 630 2498 Monstra
646 2441 755 2514 ferunt;
777 2443 950 2519 populatque
962 2443 1110 2519 ingentem
1125 2443 1206 2502 farris
1219 2462 1296 2501 acer·

580 2561 649 2600 vum

502 2642 648 2712 Curculio,
661 2654 747 2719 atque
759 2642 839 2720 inopi
852 2653 981 2702 metuens
995 2644 1115 2702 formica
1128 2644 1254 2703 seneciae.

541 2744 757 2821 Contemplator
768 2744 850 2815 item,
868 2765 958 2820 quum
971 2746 999 2803 se
1012 2765 1072 2803 nux
1086 2746 1207 2823 plurima
1220 2747 1295 2805 filvia

502 2845 606 2926 Induet
619 2845 650 2901 in
664 2845 773 2914 florem,
793 2857 823 2903 et
836 2865 927 2904 ramos
940 2847 1069 2904 curvabit
1082 2848 1198 2905 olentia:

502 2945 533 3003 Si
545 2944 677 3022 superant
690 2947 773 3018 setus,
794 2948 899 3023 pariter
912 2948 1054 3006 frumenta
1068 2948 1227 3024 sequentur,

501 3047 668 3123 Magnaque
679 3067 864 3125 cummagno
878 3049 972 3108 veniet
986 3049 1087 3107 tritura
1100 3050 1207 3108 calore:

500 3149 553 3216 At,
573 3150 593 3205 li
605 3150 718 3206 luxurii
731 3150 867 3207 soliorum
879 3153 1017 3208 exuberat
1029 3153 1138 3219 umbra,

500 3251 706 3329 Nequidquam
718 3253 833 3330 pinguis
846 3253 927 3330 palea
940 3263 1011 3310 teret
1023 3273 1086 3312 area
1099 3254 1216 3312 culmos.

501 3353 615 3411 Semina
628 3355 687 3412 vidi
699 3355 832 3430 equidem
845 3355 951 3412 multos
964 3356 1103 3413 medicare
1116 3355 1247 3428 serentes,

501 3456 539 3513 Et
552 3456 627 3514 nitro
639 3457 717 3533 prius
730 3468 759 3515 et
773 3457 856 3533 nigri
868 3458 1040 3534 perfundere
1053 3461 1183 3529 amurca;

500 3558 643 3617 Grandior
656 3570 688 3617 ut
701 3560 775 3616 fetus
788 3559 896 3634 siliquis
911 3558 1058 3616 fallacibus
1071 3559 1151 3615 elset:

500 3662 552 3729 At,
572 3662 700 3737 quamvis
713 3661 774 3737 igni
787 3660 894 3736 exiguo
907 3670 1052 3736 properata
1065 3660 1220 3730 maderent,

498 3762 568 3820 Vidi
581 3763 652 3819 lecta
665 3763 725 3828 diu,
744 3772 773 3818 ct
787 3762 879 3817 multo
892 3761 908 3817 s
904 3762 1013 3836 peclata
1027 3762 1132 3830 labore,

499 3862 678 3939 Degenerare
693 3872 802 3929 tamem
823 3862 854 3917 ni
867 3862 910 3918 vis
923 3863 1047 3920 bumana
1059 3879 1129 3939 quot
1141 3863 1224 3922 annis

500 3963 639 4021 Maxuma
653 3981 773 4038 quaeque
786 3981 874 4019 manu
887 3963 1007 4038 legeret:
1031 3964 1068 4021 src
1081 3965 1178 4024 omnia
1190 3966 1258 4024 satia

499 4065 534 4121 In
548 4065 627 4140 pejua
638 4064 736 4130 fluere,
756 4083 788 4121 ac
803 4075 877 4121 retro
891 4063 1018 4142 sublapsa
1032 4066 1139 4124 referri.

498 4165 569 4223 Non
579 4166 671 4232 aliter,
682 4184 769 4241 quam
779 4166 830 4240 qui
845 4166 961 4223 adverso
970 4168 1018 4224 vix
1033 4167 1153 4227 flumine
1164 4168 1291 4229 lembum

499 4266 639 4342 Remigiis
652 4266 767 4342 subigit,
789 4268 810 4323 fi
823 4267 937 4325 brachia
952 4268 1024 4325 torte
1039 4269 1153 4341 remifit,

498 4370 597 4444 Atque
610 4368 692 4427 illum
706 4369 735 4424 in
750 4387 873 4445 praeceps
887 4388 975 4446 prono
989 4372 1062 4447 rapit
1075 4373 1169 4430 alteus
1181 4374 1268 4432 amni.

538 4470 681 4537 Praeterea,
702 4482 761 4528 tarn
775 4470 840 4527 sunt
855 4472 969 4529 Arcturi
984 4473 1070 4530 fidem
1084 4475 1175 4544 nobis,

498 4571 711 4647 Haedorumque
724 4572 783 4630 dies
797 4574 934 4642 servandi,
955 4586 982 4631 et
998 4575 1108 4632 lucidus·
1122 4577 1245 4653 Anguis,

498 4673 598 4733 Quam
607 4674 709 4752 quibus
722 4675 753 4732 in
765 4675 889 4752 patriam
896 4675 1010 4735 ventosa
1020 4695 1071 4754 per
1081 4697 1194 4755 aequora
1203 4680 1293 4738 vebiia
