3492 6884
530 1750 590 1811 236
783 1748 1062 1818 AENEIDOS,
1221 1752 1330 1819 nm.

532 1895 772 1984 Degeneremque
784 1908 1020 1985 Neoptolemum,
1040 1920 1154 1963 narrate
1174 1880 1341 1984 memento..

534 2008 623 2066 Nunc
644 2028 763 2068 morere.
803 2010 869 2068 Hoc
892 2010 999 2079 dicent,
1018 2006 1119 2066 altaria
1139 2006 1175 2064 ad
1195 2002 1256 2081 ipsa
1276 2014 1334 2062 tre-

612 2122 740 2171 mentem

533 2212 645 2282 Traxit,
665 2224 695 2271 et
708 2214 739 2272 iu
752 2214 846 2273 multo
857 2212 1018 2273 labsantem
1030 2208 1170 2288 sanguine
1182 2208 1262 2280 nati;

535 2314 548 2370 1
551 2314 729 2393 uplicuitque
741 2335 855 2374 comam
868 2315 949 2385 larva,
970 2312 1129 2390 dextrique
1141 2309 1291 2369 coruscum

534 2417 656 2485 Extulit,
676 2436 709 2476 ac
723 2417 806 2475 lateri
819 2418 922 2495 capulo
935 2427 1019 2475 tenua
1029 2413 1149 2482 abdidit,
1170 2413 1276 2472 ensem.

534 2520 607 2578 Haec
620 2519 685 2577 finis
700 2520 805 2577 Priami
817 2520 959 2578 satorum:
981 2517 1030 2576 hic
1043 2517 1138 2575 exitur
1151 2516 1237 2575 illum

535 2622 615 2678 Sorte
629 2622 706 2690 tulit,
713 2620 830 2699 Trojam
839 2618 994 2690 incensam,
1007 2631 1035 2677 et
1048 2618 1178 2696 prolabsa
1189 2618 1334 2676 videntem

535 2724 686 2800 Perganra;
714 2733 759 2782 tot
778 2724 923 2799 quondam
948 2722 1060 2800 populis
1080 2721 1219 2799 terriaque
1239 2720 1334 2797 super-

613 2826 700 2897 bum3

535 2928 726 3004 Regnatorem
741 2927 829 2986 Atiae!
852 2928 934 3004 Jaoet
946 2926 1049 3003 ingena
1061 2927 1144 2984 litore
1157 2936 1284 2995 truncus,

535 3027 732 3105 Avolsumque
742 3030 869 3089 humeris
879 3041 974 3107 caput,
985 3039 1016 3087 et
1027 3028 1085 3087 tine
1096 3027 1214 3086 nomine
1224 3045 1335 3106 corpur.

574 3134 616 3190 At
629 3151 675 3190 me
689 3143 751 3189 tum
764 3132 891 3208 primum
904 3131 995 3189 saevus
1005 3128 1193 3188 circumstetit
1207 3129 1320 3189 horror:
1443 3150 1452 3167 ·

534 3234 694 3312 Obstupui:
717 3234 804 3292 subiit
816 3233 875 3292 cari
889 3231 1027 3310 genitoris
1040 3231 1146 3308 imago,

535 3338 577 3394 Ut
591 3355 688 3413 regem
702 3355 860 3412 aequaevum
873 3334 983 3393 crudeli
995 3334 1111 3392 volnere
1124 3332 1182 3391 vidi

534 3438 634 3499 Vitam
647 3438 844 3497 exhalantem:
867 3436 956 3495 subiit
968 3437 1078 3494 deserta
1091 3434 1209 3504 Creusa,

536 3543 572 3599 Et
588 3542 698 3617 direpta
711 3543 822 3611 domus,
842 3550 872 3597 et
885 3538 965 3617 parvi
978 3538 1057 3597 casus
1071 3538 1135 3596 Iuli.

536 3643 675 3721 Respicio,
695 3655 734 3713 et,
754 3663 819 3718 quae
833 3642 866 3699 tit
880 3661 927 3699 rue
939 3640 1047 3699 circum
1060 3640 1150 3718 copia,
1170 3640 1266 3700 lustro.

535 3745 691 3803 Deseruere
704 3764 803 3802 omnes
816 3743 923 3812 deseffi,
943 3752 973 3800 et
985 3761 1101 3819 oorpora
1114 3741 1188 3800 saltu

536 3850 584 3905 Ad
599 3859 703 3905 terram
715 3846 826 3915 misere,
847 3857 898 3903 aut
910 3844 1027 3922 ignibus
1039 3864 1113 3921 agra
1125 3845 1237 3902 dedere.

575 3951 699 4026 Jamque
720 3950 790 4006 adeo
810 3948 894 4024 super
914 3965 1095 4016 numeram,
1121 3965 1212 4022 quum
1232 3946 1334 4006 limina

653 4051 746 4107 Vestae

537 4155 711 4218 Seruantem,
731 4162 759 4207 et
774 4152 892 4209 tacitam
907 4150 1011 4209 secreti
1024 4150 1055 4209 in
1069 4148 1134 4209 sede
1147 4150 1294 4223 latentem,

504 4245 508 4250 ’
535 4253 700 4329 Tyndarida
712 4252 851 4328 adspicio:
873 4254 944 4311 dant
957 4253 1033 4311 clara
1045 4253 1177 4311 incendia
1192 4254 1286 4313 lucem

537 4356 660 4423 Erranti‚
679 4354 836 4432 passimque
849 4355 945 4411 oculos
958 4374 1008 4430 per
1021 4354 1126 4412 cunda
1137 4355 1250 4413 serenti.

537 4459 600 4525 Illa,
620 4457 673 4515 srbi
685 4456 800 4515 insestos
814 4456 908 4513 eversa
922 4458 960 4513 ob
974 4457 1119 4533 Pergama,
1138 4458 1275 4529 Teucroa,

536 4563 574 4623 Et
587 4580 683 4639 poeuas
696 4560 839 4629 Danaum,
860 4568 889 4615 et
902 4558 1004 4616 deserti
1016 4558 1145 4635 conjugia
1158 4559 1223 4629 iras,

536 4664 736 4731 praemetuens,
749 4659 841 4737 Trojae
854 4673 884 4718 et
897 4659 995 4738 patriae
1007 4660 1167 4720 communis
1181 4662 1312 4741 Erinnys,
