3492 6884
470 1783 560 1835 mla.
715 1776 937 1838 ECLOGA
968 1779 1006 1837 X.
1220 1784 1258 1849 37

472 1930 558 1987 Εἰωη
569 1928 657 1988 etiam
668 1930 750 2002 lauri,
769 1931 856 1990 etiam
867 1932 972 1990 flevere
983 1929 1112 2008 myrice,

471 2030 579 2089 Pinifer
590 2031 675 2089 illum
686 2033 782 2101 etiam,
802 2032 860 2090 soli
874 2033 926 2091 sub
939 2052 1008 2110 rupe
1016 2032 1170 2109 jacentem,

470 2132 612 2191 Maenalus
624 2143 654 2192 et
667 2133 755 2210 gelidi
768 2133 908 2192 fleverunt
920 2134 985 2191 saxa
997 2134 1102 2210 Lycaei.

400 2264 403 2269 -
472 2233 553 2291 Stant
565 2243 594 2292 et
606 2252 674 2292 oves
684 2234 793 2293 circum
798 2260 807 2306 3
830 2236 915 2292 nostri
929 2254 982 2292 nec
993 2234 1114 2312 poenitet
1125 2234 1186 2292 illas
1191 2257 1201 2305 3

471 2335 536 2393 Nee
547 2345 576 2394 te
588 2336 726 2412 poeniteat
736 2338 853 2414 pecoris,
873 2338 970 2395 divine
982 2339 1080 2414 poeta:

470 2436 510 2494 Et
521 2436 658 2495 formosus
669 2457 735 2496 oves
747 2440 784 2496 ad
796 2439 916 2504 flumina
928 2439 1008 2515 pavit
1019 2437 1141 2495 Adonis.

462 2537 562 2595 'Venit
574 2547 604 2595 et
616 2538 721 2615 upilio;
743 2539 817 2597 tardi
830 2558 932 2597 venere
945 2538 1076 2609 bubulci3

474 2638 587 2696 Uvidus
598 2639 717 2697 hiberni
729 2640 808 2698 venit
818 2642 855 2698 de
867 2640 970 2717 glande
982 2640 1136 2698 Menalcas.

473 2739 590 2809 Omnes,
598 2742 679 2799 Uno
691 2760 770 2800 amor
777 2742 835 2812 iste,
843 2752 954 2819 rogant,
963 2741 1033 2799 tibi?
1047 2742 1138 2799 Venit
1144 2741 1263 2817 Apollo:

474 2842 566 2912 Galle,
584 2842 653 2918 quid
665 2841 786 2901 insanis?
808 2843 914 2919 inquit:
937 2852 986 2901 tua
998 2862 1075 2912 cura,
1088 2843 1214 2920 Lycoris,

476 2944 584 3019 Perque
592 2943 671 3002 nives
679 2944 767 3001 alium
777 2963 884 3021 perque
893 2944 1005 3003 horrida
1016 2945 1101 3002 castra
1111 2945 1206 3003 secuta
1217 2942 1266 3001 est.

475 3045 564 3102 Venit
577 3054 607 3102 et
619 3045 719 3120 agresti
732 3045 833 3122 capitis
844 3046 973 3103 Silvanus
985 3046 1102 3115 honore,

475 3146 614 3205 Florentis
627 3146 730 3203 ferulas
742 3156 772 3203 et
783 3147 902 3223 grandia
914 3146 975 3204 lilia
987 3147 1124 3223 quaffans.

477 3250 544 3316 Pan,
557 3249 626 3305 deus
638 3246 778 3315 Arcadiae,
791 3248 885 3305 venit:
907 3265 993 3322 quem
1004 3248 1127 3305 vidimus
1139 3246 1192 3324 ipsi

477 3348 645 3425 Sanguineis
657 3348 734 3405 ebuli
745 3348 839 3406 baucis
852 3348 999 3424 minioque
1011 3353 1172 3408 rubentem.

476 3450 583 3525 Ecquis
595 3449 649 3506 erit
662 3449 778 3507 modus?
798 3448 907 3523 inquit:
924 3451 1013 3506 Amor
1022 3468 1080 3507 non
1093 3452 1161 3508 talia
1174 3459 1268 3508 curat:

477 3552 542 3610 Nec
554 3550 679 3609 lacrimis
691 3549 810 3607 crudelis
821 3550 924 3618 Amor,
935 3568 988 3606 nec
1001 3549 1129 3625 gramina
1142 3550 1219 3621 rivis,

478 3653 543 3712 Nec
555 3653 644 3731 cytiso
656 3652 817 3709 saturantur
829 3669 905 3727 apes,
917 3669 970 3707 nee
982 3650 1082 3707 fronde
1095 3651 1220 3728 capellae.

478 3754 578 3812 Tristis
591 3753 695 3811 atille:
717 3753 828 3810 Tamen
840 3751 1001 3819 mutabitis,
1012 3752 1147 3823 Arcades,
1165 3751 1272 3827 inquit,

479 3855 629 3913 Montibus
641 3854 703 3911 haec
716 3852 828 3923 vestris,
850 3852 901 3910 soli
913 3860 1027 3911 cantare
1040 3852 1124 3929 periti

480 3958 614 4016 Arcades.
634 3956 663 4013 O
671 3954 744 4013 mihi
751 3962 815 4012 tum
822 3972 908 4030 quam
917 3953 1041 4012 molliter
1049 3954 1107 4012 offa
1116 3954 1272 4029 quiescant,

481 4058 578 4117 Vestra
591 4076 668 4116 meos
679 4055 750 4114 olim
764 4055 785 4113 fi
797 4054 889 4112 fistula
901 4054 979 4112 dicat
990 4056 1110 4113 amoresl

482 4161 580 4235 Atque
592 4158 704 4217 utinam
717 4175 753 4214 ex
765 4156 845 4214 vobis
857 4175 941 4226 unus,
954 4155 1091 4232 vetln'que
1104 4157 1217 4216 fuiffem

484 4262 546 4319 Aut
558 4259 648 4317 cullos
660 4256 762 4336 gregis,
774 4266 823 4314 sut
836 4266 955 4314 maturae
968 4257 1073 4315 vinitor
1086 4260 1162 4316 uvael

483 4363 578 4431 Certe,
597 4360 653 4418 five
665 4358 739 4417 mihi
750 4358 866 4435 Phyllis,
887 4358 942 4416 five
954 4358 1022 4416 effet
1033 4359 1184 4435 Amyntas,
1224 4361 1227 4368 '

485 4464 540 4523 Seu
547 4462 721 4539 quicumque
728 4460 813 4530 furor,
821 4449 905 4534 (quid
913 4468 984 4526 tum,
992 4459 1013 4515 fi
1021 4458 1273 4536 fuscus-Amyntas?

486 4567 525 4624 Et
536 4563 625 4641 nigrae
637 4563 720 4621 violae
732 4561 806 4629 sunt,
825 4570 855 4617 et
867 4558 994 4616 vaccinia
1007 4558 1101 4635 nigra)

487 4667 606 4729 Mecum
617 4666 692 4725 inter
704 4662 801 4722 salices
812 4661 889 4719 lenti
902 4660 954 4719 sub
965 4660 1023 4719 vite
1030 4660 1137 4738 jaceret
1140 4685 1151 4735 3
