3492 6884
779 1751 1018 1801 nomm·

486 1906 554 1954 quem
565 1892 639 1938 locum
651 1891 765 1941 infelicitir
775 1895 865 1942 vexabat
873 1896 986 1942 Heinsius.
1010 1896 1089 1958 Neque
1098 1895 1189 1944 suceeffu
1198 1897 1288 1943 meliore

487 1994 566 2025 manus
577 1981 717 2028 immiserunt
728 1983 768 2029 viri
779 1983 836 2029 dotti
848 1985 871 2030 in
883 1984 974 2041 Silium,
985 1985 1043 2030 Fun.
1054 1984 1085 2029 iv.
1105 1996 1157 2044 312.

615 2072 691 2131 Atque
702 2067 747 2117 iml
759 2071 856 2131 ‘longae'
870 2072 978 2133 trepidant
988 2072 1013 2119 in
1023 2073 1079 2118 valle
1089 2071 1219 2133 ‘juvenca'
1271 2103 1288 2136 0

484 2156 547 2203 Idem
559 2156 648 2204 inseriin
661 2158 712 2206 ibid.
723 2174 770 2205 ver.
784 2158 838 2218 376.

614 2278 886 2295 ............
903 2248 1107 2295 murmurcanhelo

613 2336 739 2396 squalentea
746 2351 835 2397 campos
845 2345 867 2381 et
878 2337 958 2395 ‘longa
969 2336 1074 2398 mapalia'
1085 2336 1204 2397 complent.

483 2424 563 2485 Neque
572 2439 685 2487 excerpere
695 2425 774 2487 pigebit
784 2425 904 2485 elegantem
915 2425 1035 2472 clausulam
1046 2440 1072 2472 ex
1084 2425 1214 2472 Mamertini
1224 2435 1282 2485 grat.

482 2512 525 2558 adl.
548 2513 597 2579 Jul.
615 2514 664 2560 leet.
678 2529 700 2560 x.
733 2514 830 2560 Et‘lata
841 2513 982 2575 campomm'
995 2513 1076 2568 balatu,
1092 2513 1190 2571 hinnitu,
1206 2518 1279 2559 ‘mu-

479 2600 571 2659 gitibus'
589 2601 685 2663 persona.
716 2599 793 2659 Porrb,
810 2601 860 2647 binc
878 2599 957 2647 redtibs
973 2601 1029 2660 legas
1045 2601 1203 2657 Claudianum,
1218 2608 1279 2647 cona.

480 2688 529 2735 Stil.
541 2690 574 2736 iii.
594 2690 647 2751 335.

610 2811 784 2826 ........
801 2783 958 2840 ‘armentaque
969 2779 1042 2838 longa’

608 2868 698 2913 vailant
709 2867 859 2930 AEthiopum:

477 2952 554 3000 confer
569 2954 624 3001 Αἶα.
636 2955 653 3001 i.
679 2954 732 3003 186.
771 2956 885 3003 AEmulan
901 2954 972 3001 voluit
990 2953 1099 3001 Miltonus
1115 2953 1199 3001 noller:
1226 2955 1276 3002 Par.

479 3042 552 3088 amisa.
564 3042 604 3089 vii.
619 3042 677 3104 4⁶2.

608 3163 878 3180 ............
895 3132 953 3178 these
963 3132 986 3177 in
995 3130 1065 3177 flocltr

606 3221 720 3281 Passuting
729 3231 752 3268 at
761 3236 824 3277 once,
839 3220 881 3267 and
892 3221 914 3266 in
925 3220 1005 3266 ‘broad
1015 3220 1087 3265 berds'
1099 3220 1217 3282 upspruog·

510 3310 564 3355 Ver.
578 3322 630 3367 174.
657 3309 746 3355 Vellem
763 3308 824 3355 scribi
841 3308 929 3364 ‘arten'
951 3318 977 3353 ut
992 3308 1122 3366 ambiguum
1142 3310 1232 3365 vitetur,
1252 3320 1275 3354 ct

473 3394 536 3442 redii
550 3398 648 3458 capiatur
658 3398 731 3444 locus:
750 3397 763 3443 i.
773 3411 793 3442 e
804 3400 821 3428 “
834 3410 866 3442 rea
881 3406 904 3443 et
916 3407 973 3442 artes
983 3400 1078 3458 antiquae
1087 3396 1181 3442 laudis.’'
1214 3398 1274 3444 Gra·

476 3485 520 3532 tius
530 3485 616 3550 Cyneg.
629 3498 682 3543 107.
697 3486 790 3545 gemello
800 3485 858 3531 loco:

605 3574 663 3632 Ergo
672 3574 735 3620 illum
747 3573 824 3635 primis
834 3587 951 3618 nemorum
962 3571 1001 3619 dea
1011 3570 1076 3618 finxit
1087 3571 1109 3618 in
1119 3572 1190 3629 annis,

604 3662 769 3723 Audtoremque
778 3662 836 3725 operi
846 3660 933 3720 dignata
943 3660 1053 3707 inscribere
1064 3675 1152 3719 magno,

604 3751 667 3816 Juilit
677 3752 735 3797 adire
745 3750 791 3796 suas
802 3760 823 3795 et
833 3750 923 3810 pendete
933 3749 1032 3809 gentibus
1042 3748 1128 3795 ‘arten'

476 3841 567 3888 Tacitus
576 3841 649 3886 annal.
661 3840 692 3886 iii.
705 3852 741 3901 55.
760 3838 807 3884 Nec
818 3837 894 3883 omnia
904 3837 961 3898 apud
972 3836 1051 3899 priores
1062 3836 1161 3890 meliora3
1176 3834 1210 3881 led
1221 3852 1272 3882 noa·

471 3940 506 3977 tra
517 3945 602 3992 quoque
612 3940 664 3975 :nu
674 3928 745 3974 multa
755 3926 824 3973 laudis
835 3936 857 3972 ct
869 3931 877 3957 ί
883 3928 979 3973 artrum’
991 3925 1097 3972 imitanda
1107 3926 1194 3987 polletis
1203 3927 1269 3974 tulit:

473 4020 489 4065 i.
501 4034 523 4064 c·
541 4018 622 4065 multas
631 4028 686 4062 artes
696 4015 822 4062 laudabiles:
842 4016 973 4071 namneus,
989 4016 1027 4077 qui
1042 4012 1113 4077 primi
1128 4013 1198 4062 irontc
1210 4016 1271 4063 vide-

473 4119 522 4153 atur
537 4106 649 4153 aduerlari.
667 4104 759 4166 penitiiis
774 4104 881 4164 inlpcdlus
897 4104 1097 4164 interpretationem
1113 4106 1209 4152 nollmm
1224 4106 1269 4152 sta·

473 4196 530 4242 bilit.
562 4194 639 4240 Passim
651 4192 688 4239 fibi
699 4192 799 4255 proponit
811 4192 1107 4252 Maronemexprimendum
1118 4193 1216 4239 Tacitae

504 4285 560 4331 Ver.
572 4295 626 4342 3²2·
663 4279 767 4341 Rescripsr
783 4279 857 4325 locum
873 4278 1006 4325 confidentir
1021 4296 1047 4326 ex
1063 4278 1152 4329 indubii
1169 4279 1267 4329 maxime

471 4367 604 4433 conjedluri.
637 4370 728 4415 ‘Prima
742 4366 821 4427 frigora
833 4367 947 4414 autumni'
964 4368 1049 4414 suntad
1064 4369 1135 4431 ipsum
1147 4369 1214 4416 finem
1226 4385 1268 4417 au·

471 4460 556 4516 tumni‚
577 4456 640 4518 longe
658 4457 704 4520 post
721 4456 870 4518 ‘praeteritam
889 4456 1002 4513 :statem‚'
1018 4456 1070 4504 cum
1089 4458 1160 4506 hiems
1178 4456 1266 4505 untdm

470 4563 514 4595 non
528 4546 640 4610 inceperit.
673 4545 798 4607 Opportuni
811 4544 930 4590 obveniunt
941 4545 1001 4591 nobis
1011 4546 1114 4592 Ouidiani
1126 4549 1206 4605 versus,
1223 4557 1265 4595 art.

469 4652 515 4683 am.
527 4636 551 4683 ii.
571 4647 625 4698 3¹5·
