3492 6884
514 1792 541 1833 v.
552 1781 619 1847 ³¹7·
832 1776 859 1833 C
871 1777 887 1836 I
900 1776 953 1836 ΕΙ
967 1777 996 1837 S.
1251 1783 1308 1835 155

513 1929 557 1987 Ut
570 1929 624 1988 tibi
637 1930 760 2007 Corycio
773 1932 962 2008 glomerarem
974 1930 1107 1990 flammea
1118 1930 1191 1990 lutc.

513 2033 667 2092 Quocunc
677 2052 733 2101 me,
742 2033 858 2092 infelix!
873 2045 923 2094 out
930 2054 995 2110 quae
1002 2053 1049 2093 me
1056 2034 1175 2092 numina
1184 2032 1308 2093 servm?

507 2131 561 2193 'An
575 2134 675 2204 nescis,
694 2137 750 2211 qul
763 2136 828 2212 lege
840 2136 927 2213 patris
940 2137 976 2193 de
988 2136 1095 2194 vertice
1107 2135 1219 2194 summo

511 2236 596 2294 Edita
608 2237 756 2296 candentis
766 2247 904 2315 praetexat
915 2256 1038 2316 purpura
1050 2240 1152 2296 canon?

512 2339 589 2397 Qnae
602 2339 685 2397 tenui
696 2340 796 2416 patriae
808 2340 869 2417 spes
883 2341 917 2399 fit
930 2339 1058 2417 suspensa
1071 2338 1191 2415 capillo?

510 2441 541 2500 Si
553 2440 653 2511 nescis,
673 2442 799 2518 aliquam
810 2441 921 2519 polium
933 2441 1042 2519 sperare
1054 2440 1190 2512 salutm

510 2543 603 2605 Inscia
615 2545 848 2622 quandoquidem
861 2545 950 2604 scelus
962 2564 992 2603 eo
1003 2552 1104 2603 conara
1122 2544 1288 2604 nefandum.

509 2646 622 2715 Sin-eii,
635 2647 712 2724 quod
723 2657 836 2720 metu03
857 2666 910 2725 per
920 2665 976 2717 me,
995 2666 1060 2705 mcc
1071 2647 1196 2717 alumne,
1210 2655 1309 2705 tuum·

587 2767 644 2825 que

508 2849 667 2926 Expertum
680 2850 778 2909 multis
791 2851 900 2909 miserae
912 2850 984 2909 mihi
998 2851 1081 2908 rebus
1093 2867 1230 2921 amorem,

510 2953 562 3009 Per
575 2970 631 3020 me,
651 2961 681 3009 et
693 2952 769 3010 sacra
781 2970 881 3028 precor
892 2971 943 3028 per
954 2952 1076 3011 flumina
1089 2950 1224 3028 Ilithyiae,

510 3053 558 3109 Ne
573 3060 685 3110 tantum
696 3052 728 3109 in
742 3052 852 3110 facinus
866 3064 926 3111 tam
937 3053 1020 3111 molli
1032 3063 1130 3111 mente
1142 3053 1274 3129 sequaris.

509 3154 578 3211 Non
592 3172 646 3229 ego
660 3164 688 3212 te
701 3153 825 3231 incepto,
844 3154 908 3213 fieri
921 3155 998 3232 quod
1011 3173 1068 3212 non
1082 3164 1158 3232 pote,
1177 3174 1266 3213 conor

508 3256 643 3326 Fleclere
654 3274 765 3328 nmore3
780 3275 873 3334 neque
885 3258 924 3315 est
931 3276 998 3319 cum
1007 3258 1050 3316 din
1060 3260 1231 3317 contendere
1243 3278 1307 3318 ncr-

588 3368 680 3416 trum:

509 3460 563 3519 Sed
576 3459 663 3537 patris
676 3460 813 3518 incolumi
825 3461 921 3538 potius
934 3471 963 3520 te
975 3465 1082 3521 nubere
1095 3482 1194 3541 regno,

508 3566 608 3638 Atque
622 3561 731 3638 aliquos
750 3574 846 3620 tamen
864 3562 920 3621 effe
935 3563 1005 3622 velis
1022 3564 1087 3632 tibi,
1111 3566 1236 3636 aliunnr,
1255 3567 1307 3625 Pe·

503 3722 505 3726 ,
586 3672 674 3722 nate&

508 3768 574 3825 Hoc
585 3784 686 3833 unum,
706 3765 795 3822 exilio
806 3765 888 3824 docla
900 3774 987 3843 atque
999 3775 1124 3843 experto,
1140 3771 1273 3829 monebo.

502 3868 607 3936 Quod,
627 3867 648 3924 fi
662 3885 720 3925 non
733 3866 790 3925 alin
802 3867 907 3943 poteris
920 3868 1030 3925 ratione
1042 3878 1189 3978 carentem

507 3970 646 4029 Flectere:
663 3967 724 4043 (scd
734 3968 851 4045 poteris3
863 3969 934 4045 qnid
942 3969 1021 4027 enim
1030 3987 1089 4028 non
1098 3971 1305 4050 unicnpcffirl)

507 4072 593 4129 Tunc
605 4069 699 4148 potine
712 4080 809 4127 tamen
821 4069 891 4147 ipsa,
912 4071 960 4147 pio
973 4090 1040 4129 cum
1047 4071 1112 4149 jure
1124 4072 1234 4145 licebit,

508 4175 584 4231 Cum
598 4172 666 4230 fani
680 4172 812 4240 cauffam,
832 4181 1001 4248 tempusque
1014 4173 1128 4244 doloris,
1147 4175 1274 4248 habebis,

505 4276 590 4333 Tunc
603 4274 698 4352 potino
710 4282 812 4333 conata
826 4282 885 4343 tua,
905 4283 990 4350 atque
1003 4274 1127 4353 incepta,
1146 4278 1265 4338 referto:

506 4378 625 4453 Meque,
639 4378 761 4452 deosque
772 4375 825 4434 tibi
836 4374 964 4445 comiter,
977 4395 1042 4435 mea
1054 4378 1181 4451 alumna,
1193 4380 1305 4441 futuru

506 4479 657 4538 Polliceor:
680 4477 753 4535 nihil
766 4476 815 4544 est,
833 4478 911 4552 quod
924 4487 1003 4536 tem
1014 4480 1123 4549 ordine,
1142 4481 1273 4559 longum.

545 4580 599 4639 His
612 4580 664 4639 ubi
677 4579 810 4637 sollicitos
820 4578 912 4636 animi
925 4579 1096 4639 relevaverat
1108 4582 1189 4640 estne

424 4731 443 4770 ῃ
506 4683 643 4751 Vocibus,
661 4690 692 4740 et
704 4680 809 4739 blandi
822 4680 920 4758 ponus
932 4679 980 4758 spe
991 4680 1099 4745 vicerat
1111 4700 1237 4761 regrum
