3492 6884
546 2151 577 2209 Ρ.
604 2148 826 2208 VIRGILII
856 2146 1087 2209 MARONIS

595 2324 1034 2456 AEN0131D08,
1127 2313 1136 2334 ’

648 2601 773 2651 um
793 2601 984 2653 umus.

677 2842 959 2886 ψ

412 3097 597 3192 Poaaanna
610 3153 654 3194 ree
667 3135 751 3205 Ana,
772 3138 935 3214 Priamique
951 3145 1078 3196 evertere
1095 3140 1212 3213 gentem

415 3231 595 3308 inmeritam,
613 3239 706 3298 visum
719 3241 841 3319 Superis,
859 3241 1022 3317 ceciditque
1034 3239 1188 3315 superbum

416 3336 513 3408 Ilium,
533 3348 563 3396 et
576 3342 669 3399 omnis
681 3342 771 3401 humo
783 3345 879 3402 fumat
890 3340 1039 3419 Neptunia
1051 3338 1170 3416 Troia„

414 3439 534 3499 Diversa
546 3441 654 3514 exsilia,
672 3456 703 3503 et
713 3446 836 3504 desertas
848 3463 973 3522 quaerere
986 3454 1082 3510 terrae,

415 3542 555 3619 Auguriia
567 3544 681 3623 agimur
692 3546 790 3605 divom
796 3572 805 3620 3
830 3546 1002 3623 eiaffemque
1014 3546 1067 3603 sub
1079 3543 1141 3620 ipsi

414 3646 577 3716 Antandro,
596 3657 626 3706 et
639 3648 770 3727 Phrygia·
782 3649 919 3708 molimur
931 3648 1077 3707 montibus
1090 3646 1164 3717 ldae;

413 3747 531 3818 Incerti,
549 3768 608 3825 quo
620 3749 680 3808 fata
693 3751 797 3822 ferant,
816 3751 866 3810 ubi
881 3752 971 3810 sistere
984 3752 1082 3808 detur:

412 3850 674 3929 Contrahimuaque
687 3854 771 3912 viros.
791 3854 851 3912 Vix
865 3853 956 3931 prima
969 3851 1113 3929 inceperat
1123 3850 1209 3921 estas,

412 3953 451 4011 Et
463 3964 544 4030 pater
555 3954 695 4013 Anchises
707 3956 774 4014 dare
787 3955 854 4014 fatis
865 3956 927 4013 vela
937 3955 1071 4033 jubebat3

413 4055 512 4114 Litora
524 4075 615 4132 quum
627 4057 727 4135 patriae
740 4057 890 4117 lacrimans
902 4071 1056 4135 portusque
1068 4053 1209 4131 relinquo,

412 4158 452 4216 Et
464 4176 589 4235 campos,
608 4158 660 4218 nbi
671 4158 758 4237 Troja
770 4160 837 4218 fuit.
877 4161 963 4218 Feror
974 4158 1056 4218 exsul
1072 4158 1104 4217 in
1116 4158 1209 4218 altum

413 4260 491 4320 Cum
503 4260 594 4331 sociis,
614 4271 748 4338 natoque,
768 4262 930 4330 Penatibus,
947 4271 978 4320 et
989 4261 1102 4338 magnis
1116 4260 1169 4318 dia.

449 4363 540 4421 Terra
552 4364 652 4441 procui
664 4364 748 4422 vastia
759 4364 864 4422 colitur
876 4363 1020 4422 Mavortia
1032 4362 1151 4440 campie,

411 4465 538 4528 Thraeca
548 4483 640 4535 arant,
660 4467 719 4524 acri
732 4468 877 4543 quondam
890 4476 1006 4542 regnata
1019 4466 1153 4541 Lycurgo
1157 4487 1167 4535 ;

411 4567 579 4644 Hospitium
590 4567 743 4644 antiquum
754 4567 858 4645 Trojae,
879 4567 1004 4644 sociique
1016 4568 1144 4635 Penates,

411 4667 492 4728 Dum
503 4668 622 4729 fortuna
632 4670 700 4730 fnit.
739 4670 825 4730 Feror
836 4669 904 4741 huc,
922 4677 954 4728 et
964 4669 1049 4728 litore
1060 4685 1149 4729 curvo
