3492 6884
512 1758 568 1820 186
766 1758 1042 1854 AENsrnos,
1213 1758 1301 1819 ern.

507 1913 667 1973 posthabita
680 1915 794 1974 coluilse
807 1917 905 1974 Samo:
927 1915 975 1974 hic
987 1914 1064 1974 illius
1076 1934 1163 1985 arma,

508 2015 567 2074 Hic
580 2034 677 2075 currus
689 2017 759 2075 fuit:
774 2019 836 2077 ·hoc
849 2038 970 2096 regnum
984 2020 1036 2076 dea
1050 2019 1183 2096 gentibus
1194 2017 1259 2089 elie,

508 2117 539 2176 Si
551 2117 608 2194 qui
620 2119 678 2176 fata
693 2119 792 2191 linant,
809 2119 870 2198 jam
885 2130 947 2179 tum
960 2120 1109 2197 tenditque
1121 2121 1264 2196 fovetque.

507 2220 676 2297 Progeniem
689 2220 737 2279 sed
750 2223 828 2280 enim
836 2222 962 2299 Trojano
974 2240 991 2280 a
1003 2221 1141 2299 sanguine
1153 2221 1219 2279 duci

507 2322 657 2392 Audierat,
676 2323 867 2400 Tyrias„on
880 2343 944 2400 quae
955 2330 1078 2382 verteret
1089 2341 1183 2394 arces3

507 2424 586 2482 Hinc
598 2425 746 2502 populum,
765 2424 823 2483 late
835 2444 943 2502 regem,
963 2425 1095 2500 belloque
1107 2425 1269 2500 superbum,

507 2527 670 2586 Venturum
683 2527 796 2586 excidio
809 2529 921 2604 Libyae:
943 2527 981 2584 fic
993 2527 1106 2585 volvere
1118 2527 1226 2585 Parcas.

506 2629 542 2687 ld
555 2638 693 2698 metuens,
714 2630 872 2704 veterisque
890 2646 1000 2686 memor
1013 2628 1143 2686 Saturnia
1155 2627 1232 2696 belli,

505 2730 600 2789 Prima
612 2731 689 2807 quod
699 2732 736 2789 ad
747 2730 864 2809 Trojam
876 2750 928 2806 pro
940 2730 1012 2789 caris
1024 2730 1144 2808 gesserat
1156 2731 1258 2808 Argis:

505 2833 571 2893 Nec
583 2835 653 2891 dum
664 2833 753 2892 etlam
765 2833 865 2892 caulsae
877 2833 985 2892 irarum
998 2831 1119 2910 saevique
1132 2833 1242 2894 dolores

501 2934 679 2993 Exciderant
690 2934 801 3007 anim0;
821 2945 920 2994 manet
932 2936 990 2996 alta
1002 2944 1099 2993 mente
1112 2936 1253 3013 repostum

504 3034 653 3114 Judiciuns
665 3035 779 3106 Paridis,
798 3035 954 3114 spretaeque
965 3034 1068 3114 injuria
1080 3039 1189 3108 formae,

505 3136 544 3196 Et
557 3156 647 3215 genus
659 3136 793 3207 invisum,
812 3148 843 3196 et
855 3137 929 3215 rapti
941 3138 1116 3216 Ganymedis
1129 3140 1263 3198 honores:

505 3240 560 3300 Hu
572 3241 692 3300 adcensa
704 3239 797 3318 super,
813 3240 933 3318 jactatos
945 3259 1057 3318 aequore
1070 3250 1132 3300 toto

503 3344 602 3415 Troas,
623 3342 754 3419 reliquias
767 3344 901 3402 Danaum
912 3352 998 3419 atque
1010 3343 1119 3402 inmitis
1132 3342 1252 3414 Achilli,

504 3447 631 3505 Arcebat
643 3446 729 3523 longe
743 3445 839 3504 Latio:
861 3446 1025 3521 multosque
1035 3464 1088 3522 per
1100 3463 1189 3504 annos

504 3550 652 3618 Errabant,
672 3548 729 3607 ani
742 3547 817 3616 fatis,
837 3547 926 3610 maria
937 3547 1037 3606 omnia
1049 3547 1168 3606 circum.

502 3652 606 3710 Tantae
618 3650 701 3708 molis
714 3660 774 3708 erat
787 3651 947 3708 Romanam
959 3651 1080 3707 condere
1093 3660 1208 3726 gentem
1219 3650 1225 3705 l

541 3753 611 3822 Vix,
631 3771 648 3810 e
660 3748 811 3829 conspetlu
824 3752 925 3809 Siculae
939 3751 1057 3820 telluris,
1075 3750 1107 3807 in
1121 3750 1213 3808 altum

502 3854 576 3913 Vela
590 3856 695 3913 dabant
707 3855 776 3922 lasti,
794 3861 825 3911 et
837 3851 950 3928 spumas
962 3850 1027 3910 salis
1039 3871 1094 3909 aere
1107 3853 1246 3922 ruebant;

503 3957 605 4015 Quum
617 3957 704 4032 Juno,
721 3966 861 4012 aeternum
875 3953 986 4011 servans
999 3953 1050 4011 sub
1062 3953 1174 4030 pectore
1187 3953 1296 4023 volnus,

502 4057 576 4118 Haec
588 4057 698 4114 secum:
720 4057 808 4112 Mene
821 4055 936 4131 incepto
948 4054 1075 4112 dessstere
1087 4054 1203 4125 vidam,

501 4159 566 4216 Nec
579 4156 654 4234 polse
668 4156 752 4214 Italid
762 4157 939 4213 Teucrorum
952 4165 1079 4213 avertere
1091 4160 1205 4234 regem?

502 4257 620 4335 Quippe
632 4265 712 4315 vetor
724 4255 801 4315 fatis.
841 4256 967 4314 Pallasne
977 4274 1097 4314 exurere
1108 4257 1222 4316 clall'cm

500 4360 654 4437 Argivum,
674 4369 760 4434 atque
772 4357 846 4435 ipsos
857 4359 953 4434 potuit
965 4358 1145 4435 submergere
1157 4368 1255 4436 ponto,

499 4462 595 4524 Unius
607 4465 646 4521 ob
659 4481 763 4521 noxam
777 4471 805 4520 et
819 4461 908 4520 furias
920 4460 1017 4539 Ajacis
1029 4460 1128 4520 Oilei?

498 4566 571 4643 Ipsa,
584 4566 662 4645 Jovis
675 4565 806 4642 rapidum
815 4563 940 4641 jaculata
953 4583 970 4621 e
982 4563 1108 4622 nubibus
1121 4562 1229 4640 ignem,

498 4666 675 4749 Disjecitque
688 4679 770 4739 rates,
790 4665 949 4745 evertitque
961 4682 1073 4742 aequora
1086 4665 1192 4724 ventis:
