3492 6884
523 1807 579 1873 ¹9²
770 1798 1047 1870 AENEIDOS,
1174 1804 1312 1869 vvamt

521 1952 706 2032 Suscepitque
718 1953 817 2033 ignem
829 1956 916 2025 soliis,
934 1964 1020 2030 atque
1034 1953 1113 2013 arida
1126 1952 1235 2013 circum

520 2054 708 2115 Nutrimeota
721 2057 809 2126 dedit,
822 2058 973 2133 rapuitque
984 2056 1017 2115 in
1029 2055 1131 2115 fomite
1143 2055 1313 2124 flammam„

519 2156 598 2216 Tum
605 2159 748 2227 Cererem,
759 2168 928 2235 conruptrm
939 2157 1031 2228 undio,
1041 2156 1225 2233 Cerealiaque
1234 2141 1313 2214 arr’rra

519 2259 694 2339 Expediunt,
714 2260 774 2319 seffi
787 2279 897 2333 rerum;
918 2260 1070 2338 frugesque
1083 2268 1210 2336 receptae

519 2364 558 2422 Et
571 2372 675 2421 torrere
687 2372 788 2441 parant
799 2361 932 2431 flammis,
952 2371 982 2420 et
994 2361 1125 2437 frangere
1137 2359 1215 2419 saxo.

557 2464 667 2523 AEneaa
679 2463 826 2540 scopulum
838 2462 947 2521 interea
959 2460 1133 2531 conscendit,
1152 2470 1183 2518 et
1195 2476 1312 2518 omnem

422 2589 425 2596 ¹
519 2564 701 2642 Prospectum
711 2563 768 2621 late
780 2564 883 2640 pelago
894 2562 982 2639 petit3
1003 2562 1120 2622 Anthea
1132 2562 1154 2620 si
1166 2579 1252 2638 quem

517 2667 662 2745 Jaiiatum
674 2673 761 2724 vento
773 2664 879 2734 videat,
899 2664 1088 2741 Phrygiasque
1101 2662 1226 2732 biremia,

518 2771 582 2827 Aut
593 2769 705 2844 Capyn,
725 2775 775 2825 out
788 2766 867 2824 celsis
879 2765 911 2824 in
922 2765 1064 2844 puppibus
1076 2783 1153 2823 anua
1166 2762 1257 2822 Caici.

518 2868 551 2928 N
552 2873 637 2928 avem'
645 2868 677 2926 in
689 2866 841 2944 conspecu
853 2868 976 2926 nullam:
999 2867 1049 2925 tria
1061 2867 1145 2924 litore
1157 2884 1253 2924 cervos

518 2969 655 3046 Prospicit
666 2969 786 3028 errantia
791 2995 800 3041 3
820 2970 873 3029 hoo
886 2979 945 3028 tcta
958 2979 1085 3027 armenta
1097 2968 1254 3045 sequuntur

515 3073 547 3133 A
560 3083 651 3149 tergo,
669 3080 699 3129 et
712 3070 832 3149 longum
843 3091 896 3149 per
908 3072 987 3130 vallia
999 3070 1125 3149 pascitur
1135 3088 1251 3148 agmen.

421 3171 429 3184 '
516 3173 652 3233 Constitit
663 3172 721 3244 hic,
742 3191 895 3249 arcumque
907 3191 995 3232 manu
1007 3172 1161 3248 celerisque
1174 3172 1290 3248 sagittas

516 3274 685 3353 Conripuit;
707 3274 781 3333 fidus
793 3294 858 3352 quae
870 3274 928 3333 tela
941 3276 1057 3352 gerebat
1069 3274 1208 3332 Achates:

515 3378 711 3453 Ductoreoque
723 3376 796 3454 ipsoa
808 3377 944 3453 primum,
963 3375 1058 3453 capita
1070 3375 1127 3434 alta
1140 3373 1257 3433 ferentia

515 3481 657 3539 Cornibus
670 3478 802 3547 arboreis,
815 3478 925 3549 stemit;
946 3488 1010 3535 turn
1023 3478 1137 3554 volgus,
1149 3488 1180 3535 et
1192 3496 1307 3535 omnem

516 3581 621 3640 Miscet
633 3599 720 3658 agenr
733 3580 796 3638 telia
809 3598 926 3637 nemora
938 3579 1014 3636 inter
1026 3578 1144 3636 frondea
1157 3581 1279 3636 turbam.

514 3683 579 3743 Nec
591 3683 668 3761 priua
680 3683 793 3750 abfisiit,
813 3700 900 3757 quam
913 3679 1022 3756 septem
1034 3679 1164 3757 ingentia
1177 3678 1266 3737 victor

514 3785 640 3862 Corpora
657 3784 761 3842 fundat
777 3782 869 3854 humi,
889 3791 919 3839 et
932 3800 1084 3839 numerum
1100 3800 1166 3839 cum
1186 3780 1307 3840 navibus

591 3896 693 3962 aequet.

514 3986 595 4045 Hinc
606 3998 720 4063 portum
732 3985 816 4062 petit,
835 3994 865 4042 et
877 3984 965 4043 socios
977 3985 1097 4062 partitur
1109 3985 1140 4042 in
1153 3984 1255 4078 onmia.

514 4088 591 4146 Vina
604 4090 694 4145 bonna
706 4106 770 4164 quae
783 4086 887 4144 deinde
899 4087 975 4144 cedia
988 4097 1118 4145 onerarat
1130 4087 1245 4147 Acestea

401 4226 404 4230 ·
514 4190 613 4249 Litore
624 4189 781 4258 Trinacrio,
801 4189 972 4263 dederatque
985 4190 1154 4247 abeuntibus
1167 4190 1258 4259 heroa,

514 4292 635 4361 Dividit,
654 4302 684 4348 et
696 4290 779 4349 distis
792 4291 938 4348 maerentia
951 4292 1062 4368 pectora
1075 4294 1196 4351 mulcet:

552 4394 581 4454 Ο
594 4393 678 4452 socii!
701 4391 890 4467 nequeenim
908 4392 1002 4469 ignari
1021 4393 1117 4452 sumus
1134 4403 1201 4452 ante
1212 4395 1304 4453 malo·

628 4514 701 4563 rum,

513 4598 542 4657 Ο
554 4596 622 4675 paffi
636 4596 777 4673 graviora!
800 4596 880 4653 dabit
891 4596 960 4653 deur
973 4595 1017 4653 hir
1029 4614 1143 4672 qnoque
1156 4597 1253 4657 finem.

512 4699 571 4759 Vca
584 4708 614 4758 et
626 4698 775 4779 Scyllaeam
787 4698 905 4770 rabiem,
923 4697 1096 4777 penitusque-
1104 4698 1229 4759 sonantis
