3492 6884
518 1680 576 1742 aad
777 1679 1052 1748 AENEIDOS,
1227 1680 1325 1740 md.

517 1835 688 1905 AEdificant,
701 1834 839 1914 tectaque
852 1838 991 1897 intexunt
1004 1836 1098 1896 abiete
1110 1835 1206 1894 coiiaa.

516 1937 626 1996 Votum
638 1957 690 2016 pro
703 1939 796 1998 reditu
809 1939 955 1998 fimulanta
977 1958 1011 1998 ea
1024 1940 1101 1998 fama
1115 1949 1242 2016 vagatur.

516 2039 594 2108 Huc,
613 2041 720 2100 delecta
734 2041 829 2101 virum
843 2041 937 2102 sortiti
950 2040 1201 2126 corpora-furtim

516 2139 673 2202 Ineluduut
685 2163 762 2202 caeco
774 2143 866 2215 lateri,
887 2144 1060 2220 penitusque
1072 2129 1206 2202 cauernis

516 2244 656 2322 lugentia,
677 2255 858 2322 uterumque,
879 2255 990 2306 armato
1002 2244 1097 2306 milite
1108 2243 1254 2321 conplent.

555 2349 602 2408 Est
615 2349 645 2408 in
659 2349 813 2427 conspediu
824 2350 967 2419 Tenedos,
988 2335 1131 2407 notiffima
1143 2349 1222 2408 fama

515 2449 620 2521 Insula,
633 2451 711 2510 divea
724 2470 822 2530 opum,
836 2451 942 2510 Priami
954 2452 1026 2509 dum
1043 2469 1132 2529 regna
1144 2453 1315 2524 manebant3

515 2551 604 2612 Nunc
618 2561 731 2612 tantum
744 2553 829 2622 sartan,
848 2564 880 2611 et
893 2552 975 2611 statio
988 2553 1064 2611 male
1077 2553 1135 2611 fl'da
1147 2553 1265 2612 carinis:

515 2654 582 2714 Huc
597 2653 625 2712 so
638 2654 762 2731 provecti
776 2653 886 2714 deserto
899 2655 930 2713 in
941 2656 1025 2713 litore
1036 2656 1179 2714 condunt:

514 2756 577 2814 Noa
589 2755 687 2814 abiitl'e
699 2755 764 2824 rati,
783 2768 813 2815 et
825 2768 912 2815 vento
925 2756 1036 2836 petiiffe
1050 2758 1197 2833 Mycenas.

515 2857 592 2936 Ergo
604 2857 697 2916 ornarit
710 2857 799 2935 longo
812 2857 895 2917 solvit
908 2858 936 2917 se
948 2857 1070 2917 Teucria
1084 2858 1177 2916 ludu:

515 2959 682 3018 l‘aaduutur
694 2970 794 3038 portae:
813 2958 896 3038 juvat
909 2960 960 3027 ire,
979 2970 1008 3018 et
1023 2959 1129 3018 Dorica
1142 2960 1230 3018 castra

514 3059 703 3139 Desertoaquo
715 3062 811 3120 videre
824 3062 911 3131 locos,
930 3061 1056 3139 litusque
1069 3061 1213 3122 relietum.

514 3161 573 3222 iiic.
582 3163 727 3242 Dolopum
738 3182 848 3235 atauus,
860 3163 909 3224 hic
921 3163 1009 3224 saevus
1020 3164 1156 3222 tendebat
1166 3163 1311 3228 Achilles:

514 3265 654 3326 Cladibus
668 3266 715 3326 hic
729 3266 821 3326 locun:
844 3265 893 3325 hic
906 3265 967 3326 acie
980 3275 1089 3325 certare
1101 3264 1240 3328 solebant.

513 3367 580 3426 l'urr
593 3368 686 3446 iiupct
699 3367 828 3445 innupta
841 3368 950 3427 donum
963 3367 1080 3426 exitiale
1093 3368 1244 3440 Minerva,

515 3469 549 3528 idt
565 3471 671 3529 auolant
686 3470 827 3530 ruirautur
839 3469 921 3546 oqui:
946 3470 1112 3546 primusque
1124 3470 1293 3547 Thymoetes

514 3573 592 3632 Duci
606 3572 679 3632 iutru
693 3591 789 3631 ruuros
802 3572 941 3639 hortatur,
961 3583 991 3629 et
1004 3590 1067 3630 arce
1080 3571 1182 3643 locari;

512 3675 577 3734 Sira
591 3674 666 3744 doio,
687 3674 735 3732 scu
744 3672 804 3751 jana
816 3672 911 3750 Trojae
926 3673 962 3731 sac
975 3674 1034 3731 fata
1048 3674 1186 3731 serebant.

515 3776 552 3834 At
569 3781 674 3854 Capys,
695 3787 724 3834 ct
738 3794 860 3853 quorum
873 3774 975 3834 melior
989 3774 1129 3833 sententia
1142 3777 1243 3846 menti,

512 3880 573 3936 Aut
586 3878 688 3956 pelago
701 3879 836 3937 Danaiiru
850 3877 973 3946 insidias,
993 3875 1174 3954 suspectaque
1187 3879 1271 3951 dona,

511 3979 690 4056 Praecipitare
699 3979 812 4057 jubent,
834 3978 1004 4055 subjediavo
1018 3999 1099 4037 urere
1112 3980 1249 4053 flammia5

512 4083 570 4138 Aut
588 4082 728 4139 terebrare
742 4099 823 4138 cavas
835 4081 909 4137 uteri
922 4091 951 4138 et
967 4089 1075 4140 tentare
1088 4081 1224 4142 latebrosa

510 4181 654 4240 Scinditur
667 4183 809 4240 incertum
823 4182 914 4240 studia
926 4182 958 4241 in
970 4184 1111 4243 contraria
1124 4186 1237 4264 volgus.

549 4284 659 4344 Primus
680 4284 717 4341 ibi
739 4293 806 4342 ante
826 4284 929 4354 omnia,
958 4288 1064 4363 magud
1083 4289 1240 4349 comitante
1260 4312 1307 4351 ca-

627 4387 714 4455 torvi,

509 4491 640 4553 Laocoon
654 4490 754 4550 ardena
767 4489 878 4547 summa
891 4490 1015 4548 decurrit
1027 4492 1064 4548 ab
1077 4510 1156 4550 arce:

508 4593 545 4652 Et
557 4593 667 4672 procul,
687 4593 716 4653 Ο
729 4591 836 4650 miseri!
859 4611 924 4673 quae
938 4602 1017 4653 tanta
1030 4592 1147 4665 insania,
1167 4595 1263 4657 cives?
