3492 6884
577 1798 638 1850 210
818 1788 1096 1864 AENEIDOS,
1260 1789 1364 1852 ‘nfios

576 1946 740 2018 Baocatum,
752 1954 781 2005 et
792 1947 937 2025 duplicem
948 1948 1071 2025 gemmis
1080 1966 1207 2025 auroque
1217 1966 1361 2008 coronam.

572 2048 646 2107 Haec
658 2050 793 2118 celerans,
813 2049 868 2108 iter
881 2051 917 2108 ad
935 2050 1014 2110 navia
1028 2051 1164 2109 tendebat
1176 2050 1313 2109 Achaten.

609 2153 652 2209 At
665 2152 810 2230 Cytherea
823 2172 910 2212 novae
923 2153 1002 2223 artis,
1022 2172 1096 2212 nova
1108 2152 1221 2232 peaore
1233 2152 1327 2211 versat

570 2254 714 2313 Consilia:
736 2265 778 2325 ut,
798 2256 903 2315 faciem
917 2266 1046 2314 mutatus
1058 2265 1088 2313 et
1100 2274 1160 2326 ora,
1180 2255 1295 2333 Cupido

570 2360 623 2417 Pro
637 2359 715 2416 dulci
730 2358 855 2418 Ascanio
868 2360 975 2430 veniat,
995 2359 1133 2436 donisque
1146 2359 1290 2418 furentem

570 2460 710 2519 Incendat
723 2461 864 2538 reginam,
884 2472 970 2537 arque
982 2461 1086 2520 offibus
1104 2460 1224 2538 inplicet
1236 2461 1350 2538 ignem:

573 2562 691 2640 Quippe
699 2564 818 2621 domurn
831 2563 916 2621 timet
928 2563 1104 2641 ambiguam,
1111 2562 1273 2641 Tyriosque
1284 2561 1373 2621 bilin·

652 2684 726 2741 gun.

514 2761 517 2765 ’
575 2767 644 2826 Urit
657 2777 739 2824 atrox
751 2769 837 2843 June,
857 2775 889 2824 et
901 2766 953 2825 sub
966 2767 1079 2826 nnciam
1092 2787 1159 2827 cura
1172 2766 1307 2827 recursat.

574 2870 652 2947 Ergo
665 2869 710 2926 his
723 2869 864 2947 aligerum
877 2869 960 2927 diciis
973 2870 1087 2928 adfatur
1098 2873 1252 2930 Amorem:

574 2971 663 3041 Nate,
683 2989 755 3028 meae
768 2970 850 3039 vires,
870 2990 933 3029 mea
947 2990 1051 3049 magua
1065 2973 1193 3049 potentia
1202 2998 1211 3046 3
1233 2972 1316 3044 solua,

574 3074 663 3142 Nate,
682 3072 770 3150 patria
783 3073 889 3131 summi
902 3073 953 3149 qui
967 3074 1023 3132 tela
1035 3074 1171 3151 TyphoIa
1185 3076 1303 3146 temnia3

575 3178 625 3234 Ad
638 3187 667 3233 te
680 3176 826 3253 confugio,
847 3187 877 3233 et
891 3175 1010 3253 supplex
1023 3185 1071 3234 tua
1086 3176 1204 3235 numina
1217 3177 1312 3254 posco.

573 3279 673 3338 Frater
686 3289 719 3336 ut
731 3279 841 3337 AEneas
853 3279 956 3356 pelago
969 3288 1044 3350 tuus,
1064 3277 1161 3336 omnia
1175 3277 1285 3336 circum

574 3383 682 3451 Litora,
699 3381 831 3458 jaRetur,
851 3381 924 3438 odiis
936 3379 1057 3458 Junonia
1070 3379 1188 3458 iniquae,

573 3485 653 3542 Nota
668 3484 736 3554 tibi;
762 3493 791 3541 et
805 3483 897 3540 nostro
911 3482 1023 3541 doluisti
1037 3482 1110 3560 saepe
1123 3484 1230 3541 dolore.

573 3587 606 3645 N
607 3607 663 3645 unc
676 3585 815 3645 Phoeniffa
829 3596 909 3643 tenet
922 3585 1009 3654 Dido,
1028 3586 1198 3662 blandisque
1211 3594 1339 3644 moratur

572 3690 713 3749 Vocibus:
736 3700 765 3748 et
778 3708 885 3759 vereor,
905 3708 962 3765 quo
975 3688 1004 3745 se
1016 3688 1142 3765 Junonia
1155 3674 1269 3747 vertairt

573 3793 719 3870 Hospitia:
742 3794 818 3850 haud
832 3802 913 3850 tanto
925 3791 1041 3848 cessabit
1053 3791 1169 3848 cardine
1181 3810 1287 3850 rerum.

575 3895 719 3953 Quocirca
732 3914 833 3969 capere
846 3905 913 3952 ante
925 3893 1007 3963 doiis,
1028 3901 1059 3951 et
1071 3893 1187 3970 cingere
1199 3893 1327 3963 flamma,

572 3997 715 4073 Reginam
728 3999 865 4067 meditor3
888 4015 995 4072 nequo
1008 3996 1037 4054 se
1049 3997 1169 4055 numine
1181 4008 1289 4056 mutet:

573 4099 628 4156 Sed
640 4118 746 4175 magno
759 4100 862 4156 AEneae
874 4118 989 4156 mecum
1002 4108 1134 4157 teneatur
1145 4117 1251 4157 amore.

575 4201 644 4258 Qua
655 4200 746 4257 facere
756 4200 786 4257 id
797 4200 889 4275 postis,
898 4201 1019 4258 nostram
1027 4219 1105 4259 nuuc
1114 4202 1215 4278 adcipe
1222 4211 1367 4261 mentem:

573 4301 691 4379 Regius,
711 4301 808 4359 adcitu
821 4302 879 4359 cari
893 4303 1039 4378 genitoris,
1057 4304 1094 4361 ad
1106 4305 1208 4361 urbem

572 4404 719 4465 Sidoniam
732 4422 803 4481 puer
816 4405 857 4462 ire
869 4414 959 4481 parat,
978 4423 1042 4463 mea
1055 4405 1182 4464 maxima
1196 4425 1274 4474 cura,

571 4510 657 4568 Dona
670 4509 771 4578 ferens,
791 4509 894 4586 pelago
907 4520 937 4566 et
950 4509 1073 4566 flammis
1085 4510 1217 4568 restantia
1229 4509 1338 4588 Trojae:

571 4612 660 4670 Hunc
672 4631 727 4689 ego
741 4610 865 4688 sopitum
877 4612 986 4681 somno,
1004 4613 1088 4688 super
1099 4612 1156 4670 alta
1169 4612 1305 4688 Cythera,

571 4715 634 4772 Aut
646 4715 729 4792 super
740 4713 873 4786 Idalium,
894 4714 1001 4773 sacrata
1013 4714 1078 4772 sede
1091 4715 1243 4773 recondam
1247 4739 1258 4786 3
