3492 6884
693 1757 917 1816 ECLOGA
950 1757 990 1815 ll.
1223 1771 1242 1817 ⁵

690 2154 917 2216 ECLOGA
950 2159 989 2217 ll.

752 2358 929 2409 ALEXIS.

447 2529 622 2591 Fonuosuu
635 2534 727 2609 pastor
739 2535 874 2611 Corydon
888 2536 1005 2592 ardebat
1016 2534 1134 2604 Alexin,

445 2632 571 2691 Delicias
583 2636 707 2693 domini:
730 2656 792 2706 nec,
805 2638 882 2712 quod
896 2636 1027 2712 speraret,
1047 2636 1180 2695 habebat.

444 2735 572 2793 Tantum
585 2737 661 2795 inter
673 2739 780 2805 densas,
801 2737 933 2795 umbrosa
946 2738 1104 2808 cacumina,
1125 2740 1206 2816 fagos

447 2836 564 2921 Ailidue
577 2840 724 2898 veniebat:
746 2840 789 2897 ibi
802 2840 863 2897 haec
877 2839 1023 2897 incondita
1036 2840 1111 2900 solus
1202 2867 1207 2878 ·

446 2938 597 2997 Montibus
609 2951 639 2998 et
651 2942 726 2999 filvis
740 2941 830 3000 studio
839 2940 965 3017 jactabat
977 2941 1073 3000 inani:

484 3028 512 3098 O
526 3042 648 3100 crudelis
662 3044 762 3100 Alexil
782 3043 856 3100 nihil
870 3062 934 3101 mea
947 3044 1073 3101 carmina
1086 3049 1185 3104 etuas?

445 3143 499 3200 Nil
513 3143 598 3201 nostri
612 3143 763 3202 miserere?
775 3144 858 3202 ›mori
871 3163 918 3202 me
931 3144 1056 3219 denique
1068 3165 1161 3223 coges.

444 3245 533 3302 Nunc
546 3246 635 3303 etiam
647 3248 770 3321 pecudes
783 3249 898 3303 umbras
911 3256 940 3302 et
953 3246 1061 3321 frigora
1074 3257 1191 3323 captant
1196 3273 1205 3319 3

444 3347 534 3405 Nunc
546 3346 645 3403 viridis
657 3348 745 3403 etiam
757 3347 903 3404 occultant
917 3346 1026 3422 spineta
1039 3348 1172 3419 lacertos3

443 3448 586 3523 Thestylis
599 3457 628 3504 et
641 3448 739 3523 rapido
751 3447 826 3503 feliis
839 3447 1004 3504 messoribus
1017 3449 1085 3504 aestu

443 3550 523 3611 Allia
536 3548 748 3625 serpyllumque
761 3548 862 3605 herbas
875 3547 1027 3603 contundit
1039 3548 1159 3606 olentis:

442 3656 485 3712 At
498 3669 613 3708 mecum
626 3650 725 3719 raucis,
747 3661 796 3707 tua
809 3651 880 3706 dum
893 3648 1009 3723 vestigia
1022 3648 1118 3718 lustro,

443 3754 507 3811 Sole
520 3752 572 3810 sub
585 3752 696 3810 ardenti
708 3752 839 3809 resonant
853 3749 964 3807 arbusta
977 3749 1091 3807 cicadis.

442 3856 549 3912 Nonne
562 3853 619 3910 suit
632 3852 727 3923 satius,
742 3853 832 3911 tristes
845 3850 1034 3926 Amaryllidis
1046 3852 1103 3909 iras

443 3958 541 4032 Atque
555 3956 673 4032 superba
686 3956 747 4032 pati
761 3953 889 4012 fastidia?
911 3970 1007 4009 nonne
1020 3952 1191 4014 Menalcan?

444 4058 585 4116 Quamvis
597 4058 647 4114 ille
660 4058 751 4133 niger,
772 4054 903 4130 quamvis
916 4064 948 4111 tu
961 4055 1099 4113 candidus
1112 4058 1190 4117 elles.

441 4159 469 4217 Ο
482 4158 604 4217 formose
617 4158 700 4235 puer!
723 4157 848 4215 nimium
861 4175 897 4213 ne
911 4156 994 4212 crede
1006 4156 1108 4215 colori:

441 4262 517 4321 Alba
531 4260 647 4337 ligustra
660 4261 775 4326 cadunt,
795 4258 923 4316 vaccinia
937 4258 1019 4334 nigra
1032 4258 1177 4335 leguntur.

470 4362 627 4439 Despectus
641 4362 694 4419 tibi
708 4362 780 4427 sum,
791 4379 853 4428 nec,
866 4359 917 4434 qui
930 4358 991 4427 sim,
1004 4361 1116 4434 quaeris,
1130 4364 1233 4436 Alexi5

440 4465 537 4522 Onam
550 4464 629 4522 dives
641 4463 750 4541 pecoris
759 4462 844 4529 nivei,
855 4479 942 4536 quam
956 4461 1036 4519 lactis
1048 4465 1213 4531 abundans:

441 4567 526 4624 Mille
538 4586 610 4624 meae
623 4566 723 4624 Siculis
734 4572 830 4623 errant
843 4564 875 4620 iu
888 4562 1034 4621 montibus
1047 4582 1143 4641 agnae:

443 4670 501 4729 Lac
513 4669 586 4732 mihi
598 4687 657 4728 non
670 4669 763 4730 aellate
776 4685 893 4737 novum,
913 4686 971 4725 non
985 4666 1100 4748 frigore,
1114 4669 1200 4731 defit:
