3492 6884
534 1772 592 1838 ¹94
794 1761 1073 1832 AENEIDOS,
1219 1766 1331 1819 rum.

534 1918 663 1988 Tristior,
683 1928 712 1976 et
725 1917 849 1977 lacrimis
861 1919 958 1977 oculor
972 1916 1077 1976 suffirsa
1089 1914 1218 1984 nitentis,

534 2021 713 2098 Adloquitur
725 2022 839 2080 Venus:
864 2021 894 2081 Ο
912 2020 1024 2097 quires
1041 2019 1251 2093 hominumque
1268 2016 1335 2074 deo-

651 2142 772 2200 rumque

535 2225 666 2284 AEternis
680 2226 754 2301 regis
767 2224 902 2301 imperiis,
922 2234 952 2282 et
964 2223 1089 2281 fulmine
1102 2221 1201 2280 terreo!

529 2310 619 2386 'Quid
632 2347 712 2386 meus
725 2329 834 2385 AEneas
846 2328 879 2386 in
894 2336 922 2384 te
934 2326 1105 2384 conmittere
1119 2334 1242 2392 tantum,

537 2431 618 2488 Quid
631 2431 720 2488 Troes
733 2431 867 2506 potuere?
889 2428 1003 2505 quibus,
1023 2436 1066 2485 tot
1081 2427 1183 2484 funera
1195 2424 1286 2502 pallio,

535 2534 664 2592 cunctus
676 2535 713 2591 ob
727 2532 841 2590 ltaliam
855 2542 993 2590 terromm
1005 2531 1150 2589 clauditur
1162 2528 1249 2587 orbis.

536 2637 622 2693 Certe
635 2635 703 2692 hinc
717 2636 860 2692 Romanos
871 2635 951 2702 olim,
971 2632 1152 2692 volventibus
1165 2630 1258 2700 annis,

536 2738 615 2796 Hinc
630 2738 692 2794 sore
704 2737 841 2805 ductores,
862 2747 993 2795 revocato
1006 2756 1022 2794 a
1036 2734 1175 2812 sanguine
1187 2731 1305 2801 Teucri,

539 2840 599 2898 Qui
614 2858 701 2910 mare,
721 2839 771 2915 qui
785 2849 870 2897 terras
885 2837 988 2907 omnir,
1002 2837 1113 2896 ditione
1127 2844 1266 2904 tenerent,

538 2941 694 3001 Pollicitus.
734 2943 867 3011 Quaere,
888 2940 1011 3018 genitor,
1031 2939 1172 2998 sententia
1184 2938 1286 2996 vertit?

537 3043 604 3104 Hoc
616 3043 751 3119 equidem
770 3043 903 3100 occasum
914 3040 1018 3117 Trojae,
1038 3041 1181 3117 tristisque
1193 3039 1298 3109 minae,

537 3145 662 3215 Solabar,
681 3145 748 3203 fatis
761 3144 902 3203 contraria
916 3143 975 3202 iata
989 3144 1156 3220 rependens.

496 3308 506 3327 a
538 3248 628 3306 Nunc
641 3248 740 3305 eadem
754 3247 867 3304 fortuna
880 3245 964 3313 viros,
987 3255 1031 3303 tot
1043 3245 1153 3304 cofibus
1166 3245 1251 3313 adine,

537 3350 708 3426 insequitur.
750 3350 848 3406 Quem
868 3348 918 3405 das
938 3347 1036 3417 finem,
1057 3365 1108 3405 rex
1121 3345 1337 3424 magne,·labo·

615 3455 696 3510 rum?

538 3556 671 3614 Antenor
683 3553 787 3632 potuit,
807 3551 910 3611 mediis
922 3551 1032 3628 elapsus
1044 3550 1174 3619 Achivis,

537 3657 666 3735 Illyricos
679 3665 827 3732 penetrare
840 3655 917 3713 linus
927 3663 1013 3730 atque
1025 3653 1130 3711 intima
1143 3664 1221 3712 tutuo

539 3761 639 3836 Regna
652 3759 853 3826 Liburnorum,
872 3766 903 3815 et
916 3757 1027 3814 fontem
1040 3756 1170 3831 superare
1183 3754 1313 3812 Timavi:

538 3864 626 3921 Unde
638 3881 688 3938 per
700 3881 748 3921 ora
762 3880 865 3918 novem
879 3860 955 3918 vasto
970 3878 1038 3917 cum
1051 3876 1198 3916 murmure
1211 3859 1318 3917 montis

538 3965 566 4022 It
580 3984 657 4022 marc
670 3973 849 4040 proruptum,
863 3972 893 4019 et
906 3961 1008 4038 pelago
1020 3960 1125 4039 premit
1137 3979 1204 4019 arva
1215 3959 1338 4021 sonanti.

539 4067 600 4124 Hie
613 4076 710 4123 tamen
723 4065 772 4121 ille
785 4066 887 4121 urbem
899 4065 1007 4132 Patavi,
1027 4062 1162 4138 sedesque
1175 4061 1280 4121 locarit

539 4169 726 4232 Teucrorum,
746 4178 776 4223 et
789 4144 869 4242 genti
883 4183 988 4223 nomen
1003 4165 1091 4233 dedit,
1112 4184 1247 4241 urumque
1259 4166 1326 4224 fixit

538 4270 645 4328 Troia:
668 4286 746 4325 nunc
758 4267 872 4343 placidi
885 4267 1035 4344 conpostus
1048 4284 1117 4342 pace
1130 4266 1259 4343 quiescit.

539 4375 611 4442 Nos,
632 4383 680 4429 tua
693 4371 850 4447 progenies,
870 4371 936 4428 coeli
950 4371 1055 4446 quibus
1067 4371 1168 4429 adnuis
1181 4390 1287 4443 arcem,

539 4475 681 4544 Navibus,
702 4473 867 4532 infanduml
890 4473 1004 4541 amiffis,
1024 4475 1109 4530 unius
1121 4475 1159 4530 ob
1172 4473 1245 4532 iram

538 4578 697 4645 Prodimur,
716 4587 804 4651 atque
817 4574 897 4633 Italis
909 4575 995 4651 longe
1008 4573 1200 4652 disjungimur
1212 4575 1278 4635 oris.

538 4682 596 4740 Hic
608 4679 724 4759 pietatis
736 4679 843 4738 honor?
864 4677 902 4735 tic
915 4695 967 4735 noe
979 4676 1009 4733 in
1024 4675 1133 4753 sceptra
1146 4678 1276 4754 reponis?
