<?xml version="1.0" encoding="UTF-8"?>
<!DOCTYPE html PUBLIC "-//W3C//DTD XHTML 1.0 Transitional//EN"
    "http://www.w3.org/TR/xhtml1/DTD/xhtml1-transitional.dtd">
<html xmlns="http://www.w3.org/1999/xhtml" xml:lang="en" lang="en">
 <head>
  <title>
</title>
<meta http-equiv="Content-Type" content="text/html;charset=utf-8" />
  <meta name='ocr-system' content='tesseract 3.04.00' />
  <meta name='ocr-capabilities' content='ocr_page ocr_carea ocr_par ocr_line ocrx_word'/>
</head>
<body>
  <div class='ocr_page' id='page_1' title='image "./pvirgiliimaroni00wakegoog/pvirgiliimaroni00wakegoog_0127.png"; bbox 0 0 3492 6884; ppageno 0'>
   <div class='ocr_carea' id='block_1_1' title="bbox 451 1799 1249 1875">
    <p class='ocr_par' dir='ltr' id='par_1_1' title="bbox 451 1799 1249 1875">
     <span class='ocr_line' id='line_1_1' title="bbox 451 1799 1249 1875; baseline 0.003 -14"><span class='ocrx_word' id='word_1_1' title='bbox 451 1823 480 1862; x_wconf 84' lang='lat' dir='ltr'>v.</span> <span class='ocrx_word' id='word_1_2' title='bbox 490 1809 558 1863; x_wconf 75' lang='lat'>31⁵.</span> <span class='ocrx_word' id='word_1_3' title='bbox 757 1800 855 1858; x_wconf 90' lang='lat' dir='ltr'>LIB.</span> <span class='ocrx_word' id='word_1_4' title='bbox 896 1799 948 1859; x_wconf 83' lang='lat' dir='ltr'>lv.</span> <span class='ocrx_word' id='word_1_5' title='bbox 1194 1812 1249 1875; x_wconf 85' lang='lat'>¹¹7</span> 
     </span>
    </p>
   </div>
   <div class='ocr_carea' id='block_1_2' title="bbox 453 1954 1250 2243">
    <p class='ocr_par' dir='ltr' id='par_1_2' title="bbox 453 1954 1250 2243">
     <span class='ocr_line' id='line_1_2' title="bbox 492 1954 1250 2031; baseline 0 -14"><span class='ocrx_word' id='word_1_6' title='bbox 492 1957 569 2017; x_wconf 80' lang='lat' dir='ltr'>Quia</span> <span class='ocrx_word' id='word_1_7' title='bbox 580 1956 660 2015; x_wconf 82' lang='lat' dir='ltr'>Deue</span> <span class='ocrx_word' id='word_1_8' title='bbox 675 1954 759 2026; x_wconf 90' lang='lat' dir='ltr'>hanc,</span> <span class='ocrx_word' id='word_1_9' title='bbox 774 1954 878 2024; x_wconf 85' lang='lat' dir='ltr'>Musae,</span> <span class='ocrx_word' id='word_1_10' title='bbox 894 1956 959 2031; x_wconf 82' lang='lat' dir='ltr'>qnia</span> <span class='ocrx_word' id='word_1_11' title='bbox 974 1958 1056 2015; x_wconf 81' lang='lat' dir='ltr'>nobie</span> <span class='ocrx_word' id='word_1_12' title='bbox 1073 1958 1188 2019; x_wconf 81' lang='lat' dir='ltr'><strong>extudit</strong></span> <span class='ocrx_word' id='word_1_13' title='bbox 1204 1975 1250 2017; x_wconf 87' lang='lat' dir='ltr'>ar·</span> 
     </span>
     <span class='ocr_line' id='line_1_3' title="bbox 568 2062 644 2118; baseline -0.013 0"><span class='ocrx_word' id='word_1_14' title='bbox 568 2062 644 2118; x_wconf 77' lang='lat' dir='ltr'>tem?</span> 
     </span>
     <span class='ocr_line' id='line_1_4' title="bbox 453 2160 1236 2243; baseline 0.004 -22"><span class='ocrx_word' id='word_1_15' title='bbox 453 2163 540 2221; x_wconf 83' lang='lat' dir='ltr'>Unde</span> <span class='ocrx_word' id='word_1_16' title='bbox 552 2181 627 2220; x_wconf 89' lang='lat' dir='ltr'>nova</span> <span class='ocrx_word' id='word_1_17' title='bbox 638 2160 776 2237; x_wconf 72' lang='lat' dir='ltr'>ingrersus</span> <span class='ocrx_word' id='word_1_18' title='bbox 789 2160 941 2219; x_wconf 84' lang='lat' dir='ltr'>hominum</span> <span class='ocrx_word' id='word_1_19' title='bbox 954 2163 1132 2239; x_wconf 81' lang='lat' dir='ltr'>experientia</span> <span class='ocrx_word' id='word_1_20' title='bbox 1143 2166 1236 2243; x_wconf 81' lang='lat' dir='ltr'>cepit?</span> 
     </span>
    </p>
   </div>
   <div class='ocr_carea' id='block_1_3' title="bbox 451 2262 1247 3368">
    <p class='ocr_par' dir='ltr' id='par_1_3' title="bbox 451 2262 1247 2961">
     <span class='ocr_line' id='line_1_5' title="bbox 492 2262 1113 2343; baseline 0.003 -20"><span class='ocrx_word' id='word_1_21' title='bbox 492 2265 585 2323; x_wconf 82' lang='lat' dir='ltr'>Pastor</span> <span class='ocrx_word' id='word_1_22' title='bbox 597 2264 733 2323; x_wconf 68' lang='lat' dir='ltr'>Aristeus</span> <span class='ocrx_word' id='word_1_23' title='bbox 745 2262 862 2339; x_wconf 80' lang='lat' dir='ltr'>fugiens</span> <span class='ocrx_word' id='word_1_24' title='bbox 877 2266 981 2322; x_wconf 85' lang='lat' dir='ltr'>Peneia</span> <span class='ocrx_word' id='word_1_25' title='bbox 993 2267 1113 2343; x_wconf 83' lang='lat' dir='ltr'>Tempe,</span> 
     </span>
     <span class='ocr_line' id='line_1_6' title="bbox 452 2365 1182 2448; baseline 0.003 -21"><span class='ocrx_word' id='word_1_26' title='bbox 452 2367 579 2437; x_wconf 83' lang='lat' dir='ltr'>Amiffie,</span> <span class='ocrx_word' id='word_1_27' title='bbox 599 2376 634 2425; x_wconf 89' lang='lat' dir='ltr'>ut</span> <span class='ocrx_word' id='word_1_28' title='bbox 646 2367 733 2434; x_wconf 80' lang='lat' dir='ltr'>sama,</span> <span class='ocrx_word' id='word_1_29' title='bbox 753 2365 854 2442; x_wconf 84' lang='lat' dir='ltr'>apibus</span> <span class='ocrx_word' id='word_1_30' title='bbox 867 2368 1025 2443; x_wconf 83' lang='lat' dir='ltr'>morboque</span> <span class='ocrx_word' id='word_1_31' title='bbox 1039 2370 1182 2448; x_wconf 83' lang='lat' dir='ltr'>fameque,</span> 
     </span>
     <span class='ocr_line' id='line_1_7' title="bbox 452 2467 1193 2546; baseline 0.005 -17"><span class='ocrx_word' id='word_1_32' title='bbox 452 2470 552 2529; x_wconf 82' lang='lat' dir='ltr'>Tritlia</span> <span class='ocrx_word' id='word_1_33' title='bbox 565 2469 601 2527; x_wconf 85' lang='lat' dir='ltr'>ad</span> <span class='ocrx_word' id='word_1_34' title='bbox 612 2467 735 2527; x_wconf 80' lang='lat' dir='ltr'>extremi</span> <span class='ocrx_word' id='word_1_35' title='bbox 748 2467 859 2526; x_wconf 86' lang='lat' dir='ltr'>sacrum</span> <span class='ocrx_word' id='word_1_36' title='bbox 872 2479 959 2546; x_wconf 69' lang='lat' dir='ltr'>eaput</span> <span class='ocrx_word' id='word_1_37' title='bbox 972 2471 1079 2530; x_wconf 80' lang='lat' dir='ltr'>adstitit</span> <span class='ocrx_word' id='word_1_38' title='bbox 1091 2475 1193 2545; x_wconf 82' lang='lat' dir='ltr'>amnia,</span> 
     </span>
     <span class='ocr_line' id='line_1_8' title="bbox 452 2571 1247 2653; baseline 0.009 -22"><span class='ocrx_word' id='word_1_39' title='bbox 452 2573 550 2631; x_wconf 90' lang='lat' dir='ltr'>Multa</span> <span class='ocrx_word' id='word_1_40' title='bbox 561 2589 691 2648; x_wconf 77' lang='lat' dir='ltr'>querens,</span> <span class='ocrx_word' id='word_1_41' title='bbox 711 2582 798 2647; x_wconf 88' lang='lat' dir='ltr'>atque</span> <span class='ocrx_word' id='word_1_42' title='bbox 809 2571 863 2630; x_wconf 87' lang='lat' dir='ltr'>hac</span> <span class='ocrx_word' id='word_1_43' title='bbox 875 2572 989 2631; x_wconf 84' lang='lat' dir='ltr'>adfatus</span> <span class='ocrx_word' id='word_1_44' title='bbox 1001 2594 1071 2633; x_wconf 81' lang='lat' dir='ltr'>voce</span> <span class='ocrx_word' id='word_1_45' title='bbox 1083 2586 1247 2653; x_wconf 86' lang='lat' dir='ltr'>parentem:</span> 
     </span>
     <span class='ocr_line' id='line_1_9' title="bbox 451 2675 1124 2755; baseline 0.001 -20"><span class='ocrx_word' id='word_1_46' title='bbox 451 2676 558 2744; x_wconf 86' lang='lat' dir='ltr'>Mater,</span> <span class='ocrx_word' id='word_1_47' title='bbox 577 2675 691 2751; x_wconf 85' lang='lat' dir='ltr'>Cyrene</span> <span class='ocrx_word' id='word_1_48' title='bbox 703 2685 803 2744; x_wconf 83' lang='lat' dir='ltr'>mater,</span> <span class='ocrx_word' id='word_1_49' title='bbox 826 2693 891 2751; x_wconf 79' lang='lat' dir='ltr'>qua:</span> <span class='ocrx_word' id='word_1_50' title='bbox 904 2676 1028 2753; x_wconf 76' lang='lat' dir='ltr'>gurgitis</span> <span class='ocrx_word' id='word_1_51' title='bbox 1039 2676 1124 2755; x_wconf 79' lang='lat' dir='ltr'>hujus</span> 
     </span>
     <span class='ocr_line' id='line_1_10' title="bbox 452 2776 1149 2856; baseline 0.001 -18"><span class='ocrx_word' id='word_1_52' title='bbox 452 2780 514 2838; x_wconf 92' lang='lat' dir='ltr'>Ima</span> <span class='ocrx_word' id='word_1_53' title='bbox 528 2787 617 2847; x_wconf 79' lang='lat' dir='ltr'>teneo,</span> <span class='ocrx_word' id='word_1_54' title='bbox 635 2776 706 2853; x_wconf 90' lang='lat' dir='ltr'>quid</span> <span class='ocrx_word' id='word_1_55' title='bbox 719 2796 766 2835; x_wconf 92' lang='lat' dir='ltr'>me</span> <span class='ocrx_word' id='word_1_56' title='bbox 778 2778 911 2854; x_wconf 79' lang='lat' dir='ltr'>praeclard</span> <span class='ocrx_word' id='word_1_57' title='bbox 924 2778 1008 2856; x_wconf 83' lang='lat' dir='ltr'>stirpe</span> <span class='ocrx_word' id='word_1_58' title='bbox 1020 2780 1149 2851; x_wconf 88' lang='lat' dir='ltr'>deorum,</span> 
     </span>
     <span class='ocr_line' id='line_1_11' title="bbox 452 2879 1247 2961; baseline 0.008 -21"><span class='ocrx_word' id='word_1_59' title='bbox 452 2882 597 2951; x_wconf 79' lang='lat' dir='ltr'>simodo,</span> <span class='ocrx_word' id='word_1_60' title='bbox 623 2899 711 2958; x_wconf 87' lang='lat' dir='ltr'>quem</span> <span class='ocrx_word' id='word_1_61' title='bbox 731 2879 871 2958; x_wconf 78' lang='lat' dir='ltr'>perhibes,</span> <span class='ocrx_word' id='word_1_62' title='bbox 897 2892 979 2958; x_wconf 90' lang='lat' dir='ltr'>pater</span> <span class='ocrx_word' id='word_1_63' title='bbox 999 2882 1039 2940; x_wconf 84' lang='lat' dir='ltr'>est</span> <span class='ocrx_word' id='word_1_64' title='bbox 1057 2882 1247 2961; x_wconf 73' lang='lat' dir='ltr'>Thymbraeus</span> 
     </span>
    </p>

    <p class='ocr_par' dir='ltr' id='par_1_4' title="bbox 452 2984 1214 3368">
     <span class='ocr_line' id='line_1_12' title="bbox 528 2984 1214 3061; baseline 0.019 -20"><span class='ocrx_word' id='word_1_65' title='bbox 528 2984 645 3061; x_wconf 85' lang='lat' dir='ltr'>Apollo,</span> <span class='ocrx_word' id='word_1_66' title='bbox 1211 3049 1214 3054; x_wconf 77' lang='grc'>,</span> 
     </span>
     <span class='ocr_line' id='line_1_13' title="bbox 452 3084 1120 3162; baseline 0.003 -15"><span class='ocrx_word' id='word_1_67' title='bbox 452 3086 581 3148; x_wconf 80' lang='lat' dir='ltr'>Invisum</span> <span class='ocrx_word' id='word_1_68' title='bbox 592 3085 660 3145; x_wconf 79' lang='lat' dir='ltr'>satia</span> <span class='ocrx_word' id='word_1_69' title='bbox 672 3084 810 3162; x_wconf 77' lang='lat' dir='ltr'>genuisti?</span> <span class='ocrx_word' id='word_1_70' title='bbox 831 3094 882 3143; x_wconf 89' lang='lat' dir='ltr'>aut</span> <span class='ocrx_word' id='word_1_71' title='bbox 894 3105 952 3162; x_wconf 92' lang='lat' dir='ltr'>quo</span> <span class='ocrx_word' id='word_1_72' title='bbox 965 3086 1020 3146; x_wconf 88' lang='lat' dir='ltr'>tibi</span> <span class='ocrx_word' id='word_1_73' title='bbox 1033 3090 1120 3148; x_wconf 91' lang='lat' dir='ltr'>nostri</span> 
     </span>
     <span class='ocr_line' id='line_1_14' title="bbox 452 3169 1196 3269; baseline 0.003 -19"><span class='ocrx_word' id='word_1_74' title='bbox 452 3191 550 3251; x_wconf 77' lang='lat' dir='ltr'>Pulsus</span> <span class='ocrx_word' id='word_1_75' title='bbox 563 3192 659 3249; x_wconf 84' lang='lat' dir='ltr'>amor?</span> <span class='ocrx_word' id='word_1_76' title='bbox 679 3188 750 3265; x_wconf 91' lang='lat' dir='ltr'>quid</span> <span class='ocrx_word' id='word_1_77' title='bbox 763 3169 929 3247; x_wconf 49' lang='lat' dir='ltr'>metatum</span> <span class='ocrx_word' id='word_1_78' title='bbox 941 3190 1051 3267; x_wconf 78' lang='lat' dir='ltr'>sperare</span> <span class='ocrx_word' id='word_1_79' title='bbox 1058 3191 1196 3269; x_wconf 77' lang='lat' dir='ltr'>jubebas?</span> 
     </span>
     <span class='ocr_line' id='line_1_15' title="bbox 452 3290 1200 3368; baseline 0.003 -16"><span class='ocrx_word' id='word_1_80' title='bbox 452 3294 510 3353; x_wconf 84' lang='lat' dir='ltr'>Enl</span> <span class='ocrx_word' id='word_1_81' title='bbox 531 3292 621 3351; x_wconf 88' lang='lat' dir='ltr'>etiam</span> <span class='ocrx_word' id='word_1_82' title='bbox 632 3292 712 3350; x_wconf 90' lang='lat' dir='ltr'>hunc</span> <span class='ocrx_word' id='word_1_83' title='bbox 724 3290 818 3368; x_wconf 87' lang='lat' dir='ltr'>ipsum</span> <span class='ocrx_word' id='word_1_84' title='bbox 830 3291 898 3349; x_wconf 85' lang='lat' dir='ltr'>vitae</span> <span class='ocrx_word' id='word_1_85' title='bbox 911 3293 1039 3352; x_wconf 82' lang='lat' dir='ltr'>mortalis</span> <span class='ocrx_word' id='word_1_86' title='bbox 1051 3294 1200 3365; x_wconf 86' lang='lat' dir='ltr'>honorem,</span> 
     </span>
    </p>
   </div>
   <div class='ocr_carea' id='block_1_4' title="bbox 452 3393 1358 3470">
    <p class='ocr_par' dir='ltr' id='par_1_5' title="bbox 452 3393 1358 3470">
     <span class='ocr_line' id='line_1_16' title="bbox 452 3393 1358 3470; baseline 0.004 -15"><span class='ocrx_word' id='word_1_87' title='bbox 452 3398 552 3455; x_wconf 78' lang='lat' dir='ltr'>Quem</span> <span class='ocrx_word' id='word_1_88' title='bbox 563 3394 636 3453; x_wconf 87' lang='lat' dir='ltr'>mibi</span> <span class='ocrx_word' id='word_1_89' title='bbox 645 3393 695 3451; x_wconf 85' lang='lat' dir='ltr'>vix</span> <span class='ocrx_word' id='word_1_90' title='bbox 704 3394 822 3470; x_wconf 80' lang='lat' dir='ltr'>frugum</span> <span class='ocrx_word' id='word_1_91' title='bbox 831 3403 860 3450; x_wconf 89' lang='lat' dir='ltr'>et</span> <span class='ocrx_word' id='word_1_92' title='bbox 869 3395 1012 3470; x_wconf 85' lang='lat' dir='ltr'>pecudum</span> <span class='ocrx_word' id='word_1_93' title='bbox 1020 3397 1145 3457; x_wconf 88' lang='lat' dir='ltr'>custodia</span> <span class='ocrx_word' id='word_1_94' title='bbox 1153 3398 1248 3459; x_wconf 75' lang='lat' dir='ltr'>sollers</span> <span class='ocrx_word' id='word_1_95' title='bbox 1355 3405 1358 3410; x_wconf 82' lang='grc'><em>“</em></span> 
     </span>
    </p>
   </div>
   <div class='ocr_carea' id='block_1_5' title="bbox 450 3494 1263 4811">
    <p class='ocr_par' dir='ltr' id='par_1_6' title="bbox 450 3494 1172 3675">
     <span class='ocr_line' id='line_1_17' title="bbox 450 3494 1172 3576; baseline 0.004 -19"><span class='ocrx_word' id='word_1_96' title='bbox 450 3498 560 3557; x_wconf 87' lang='lat' dir='ltr'>Omnia</span> <span class='ocrx_word' id='word_1_97' title='bbox 572 3494 698 3555; x_wconf 80' lang='lat' dir='ltr'>tentanti</span> <span class='ocrx_word' id='word_1_98' title='bbox 710 3496 868 3564; x_wconf 69' lang='lat' dir='ltr'>enudaret,</span> <span class='ocrx_word' id='word_1_99' title='bbox 888 3505 918 3554; x_wconf 88' lang='lat' dir='ltr'>te</span> <span class='ocrx_word' id='word_1_100' title='bbox 930 3508 1021 3555; x_wconf 87' lang='lat' dir='ltr'>matre</span> <span class='ocrx_word' id='word_1_101' title='bbox 1032 3498 1172 3576; x_wconf 88' lang='lat' dir='ltr'>relinquo.</span> 
     </span>
     <span class='ocr_line' id='line_1_18' title="bbox 452 3597 1128 3675; baseline 0.001 -16"><span class='ocrx_word' id='word_1_102' title='bbox 452 3599 536 3659; x_wconf 80' lang='lat' dir='ltr'>Quin</span> <span class='ocrx_word' id='word_1_103' title='bbox 549 3617 612 3675; x_wconf 80' lang='lat' dir='ltr'>age,</span> <span class='ocrx_word' id='word_1_104' title='bbox 631 3608 662 3655; x_wconf 92' lang='lat' dir='ltr'>et</span> <span class='ocrx_word' id='word_1_105' title='bbox 674 3597 735 3674; x_wconf 90' lang='lat' dir='ltr'>ipsa</span> <span class='ocrx_word' id='word_1_106' title='bbox 748 3616 836 3656; x_wconf 89' lang='lat' dir='ltr'>manu</span> <span class='ocrx_word' id='word_1_107' title='bbox 849 3598 941 3657; x_wconf 81' lang='lat' dir='ltr'>felicia</span> <span class='ocrx_word' id='word_1_108' title='bbox 953 3619 1021 3658; x_wconf 88' lang='lat' dir='ltr'>erue</span> <span class='ocrx_word' id='word_1_109' title='bbox 1034 3601 1128 3674; x_wconf 69' lang='lat' dir='ltr'>ulvas,</span> 
     </span>
    </p>

    <p class='ocr_par' dir='ltr' id='par_1_7' title="bbox 450 3699 1247 3983">
     <span class='ocr_line' id='line_1_19' title="bbox 451 3699 1247 3782; baseline 0.006 -21"><span class='ocrx_word' id='word_1_110' title='bbox 451 3704 505 3761; x_wconf 83' lang='lat' dir='ltr'>Fer</span> <span class='ocrx_word' id='word_1_111' title='bbox 514 3700 629 3759; x_wconf 77' lang='lat' dir='ltr'>stabulis</span> <span class='ocrx_word' id='word_1_112' title='bbox 634 3700 788 3758; x_wconf 89' lang='lat' dir='ltr'>inimicum</span> <span class='ocrx_word' id='word_1_113' title='bbox 794 3699 903 3777; x_wconf 84' lang='lat' dir='ltr'>ignem,</span> <span class='ocrx_word' id='word_1_114' title='bbox 912 3713 997 3779; x_wconf 89' lang='lat' dir='ltr'>atque</span> <span class='ocrx_word' id='word_1_115' title='bbox 1004 3703 1134 3763; x_wconf 85' lang='lat' dir='ltr'>interfice</span> <span class='ocrx_word' id='word_1_116' title='bbox 1141 3707 1247 3782; x_wconf 66' lang='lat' dir='ltr'>merus,</span> 
     </span>
     <span class='ocr_line' id='line_1_20' title="bbox 451 3802 1202 3885; baseline 0.007 -20"><span class='ocrx_word' id='word_1_117' title='bbox 451 3806 513 3865; x_wconf 90' lang='lat' dir='ltr'>Ure</span> <span class='ocrx_word' id='word_1_118' title='bbox 526 3804 595 3874; x_wconf 84' lang='lat' dir='ltr'>sata,</span> <span class='ocrx_word' id='word_1_119' title='bbox 614 3813 645 3863; x_wconf 92' lang='lat' dir='ltr'>et</span> <span class='ocrx_word' id='word_1_120' title='bbox 657 3804 782 3863; x_wconf 86' lang='lat' dir='ltr'>validam</span> <span class='ocrx_word' id='word_1_121' title='bbox 795 3802 826 3860; x_wconf 88' lang='lat' dir='ltr'>in</span> <span class='ocrx_word' id='word_1_122' title='bbox 838 3804 906 3863; x_wconf 82' lang='lat' dir='ltr'>vitis</span> <span class='ocrx_word' id='word_1_123' title='bbox 919 3806 1019 3864; x_wconf 86' lang='lat' dir='ltr'>molire</span> <span class='ocrx_word' id='word_1_124' title='bbox 1032 3808 1202 3885; x_wconf 81' lang='lat' dir='ltr'>bipennem:</span> 
     </span>
     <span class='ocr_line' id='line_1_21' title="bbox 450 3906 1070 3983; baseline 0.002 -16"><span class='ocrx_word' id='word_1_125' title='bbox 450 3906 545 3967; x_wconf 86' lang='lat' dir='ltr'>Tanta</span> <span class='ocrx_word' id='word_1_126' title='bbox 557 3926 631 3965; x_wconf 83' lang='lat' dir='ltr'>mere</span> <span class='ocrx_word' id='word_1_127' title='bbox 643 3906 665 3966; x_wconf 87' lang='lat' dir='ltr'>fi</span> <span class='ocrx_word' id='word_1_128' title='bbox 679 3916 708 3963; x_wconf 90' lang='lat' dir='ltr'>te</span> <span class='ocrx_word' id='word_1_129' title='bbox 720 3917 857 3983; x_wconf 89' lang='lat' dir='ltr'>ceperunt</span> <span class='ocrx_word' id='word_1_130' title='bbox 870 3908 955 3966; x_wconf 76' lang='lat' dir='ltr'>taedia</span> <span class='ocrx_word' id='word_1_131' title='bbox 968 3908 1070 3968; x_wconf 77' lang='lat' dir='ltr'>laudis.</span> 
     </span>
    </p>

    <p class='ocr_par' dir='ltr' id='par_1_8' title="bbox 451 4009 1263 4811">
     <span class='ocr_line' id='line_1_22' title="bbox 490 4009 1188 4076; baseline 0.01 -7"><span class='ocrx_word' id='word_1_132' title='bbox 490 4011 533 4070; x_wconf 79' lang='lat' dir='ltr'>Ar</span> <span class='ocrx_word' id='word_1_133' title='bbox 543 4019 638 4069; x_wconf 86' lang='lat' dir='ltr'>mater</span> <span class='ocrx_word' id='word_1_134' title='bbox 649 4009 776 4069; x_wconf 88' lang='lat' dir='ltr'>sonitum</span> <span class='ocrx_word' id='word_1_135' title='bbox 788 4009 916 4068; x_wconf 85' lang='lat' dir='ltr'>thalamo</span> <span class='ocrx_word' id='word_1_136' title='bbox 929 4011 980 4070; x_wconf 86' lang='lat' dir='ltr'>sub</span> <span class='ocrx_word' id='word_1_137' title='bbox 992 4012 1122 4072; x_wconf 71' lang='lat' dir='ltr'>fluminis</span> <span class='ocrx_word' id='word_1_138' title='bbox 1134 4016 1188 4076; x_wconf 81' lang='lat' dir='ltr'>uu</span> 
     </span>
     <span class='ocr_line' id='line_1_23' title="bbox 452 4113 1171 4196; baseline 0.007 -25"><span class='ocrx_word' id='word_1_139' title='bbox 452 4113 555 4171; x_wconf 83' lang='lat' dir='ltr'>Senfit:</span> <span class='ocrx_word' id='word_1_140' title='bbox 577 4132 642 4172; x_wconf 86' lang='lat' dir='ltr'>eam</span> <span class='ocrx_word' id='word_1_141' title='bbox 657 4113 768 4171; x_wconf 89' lang='lat' dir='ltr'>circum</span> <span class='ocrx_word' id='word_1_142' title='bbox 781 4113 894 4172; x_wconf 86' lang='lat' dir='ltr'>Milefia</span> <span class='ocrx_word' id='word_1_143' title='bbox 907 4115 1011 4174; x_wconf 84' lang='lat' dir='ltr'>vellera</span> <span class='ocrx_word' id='word_1_144' title='bbox 1024 4118 1171 4196; x_wconf 69' lang='lat' dir='ltr'>Nymphae</span> 
     </span>
     <span class='ocr_line' id='line_1_24' title="bbox 452 4215 1057 4294; baseline 0.005 -19"><span class='ocrx_word' id='word_1_145' title='bbox 452 4217 625 4294; x_wconf 86' lang='lat' dir='ltr'>Carpebant,</span> <span class='ocrx_word' id='word_1_146' title='bbox 645 4215 723 4293; x_wconf 82' lang='lat' dir='ltr'>hyali</span> <span class='ocrx_word' id='word_1_147' title='bbox 735 4215 829 4274; x_wconf 90' lang='lat' dir='ltr'>saturo</span> <span class='ocrx_word' id='word_1_148' title='bbox 841 4216 938 4276; x_wconf 77' lang='lat' dir='ltr'>sumta</span> <span class='ocrx_word' id='word_1_149' title='bbox 950 4220 1043 4279; x_wconf 90' lang='lat' dir='ltr'>colore</span> <span class='ocrx_word' id='word_1_150' title='bbox 1048 4245 1057 4292; x_wconf 70' lang='grc' dir='ltr'><strong>ς</strong></span> 
     </span>
     <span class='ocr_line' id='line_1_25' title="bbox 452 4318 1248 4402; baseline 0.013 -28"><span class='ocrx_word' id='word_1_151' title='bbox 452 4320 628 4397; x_wconf 85' lang='lat' dir='ltr'>Drymoque,</span> <span class='ocrx_word' id='word_1_152' title='bbox 641 4318 824 4394; x_wconf 85' lang='lat' dir='ltr'>Xanthoque,</span> <span class='ocrx_word' id='word_1_153' title='bbox 843 4320 999 4399; x_wconf 82' lang='lat' dir='ltr'>Ligeaque,</span> <span class='ocrx_word' id='word_1_154' title='bbox 1010 4324 1248 4402; x_wconf 79' lang='lat' dir='ltr'>Phyllodoceque,</span> 
     </span>
     <span class='ocr_line' id='line_1_26' title="bbox 451 4420 1144 4501; baseline 0.01 -21"><span class='ocrx_word' id='word_1_155' title='bbox 451 4421 605 4481; x_wconf 68' lang='lat' dir='ltr'>caesarem</span> <span class='ocrx_word' id='word_1_156' title='bbox 616 4420 714 4480; x_wconf 74' lang='lat' dir='ltr'>effusae</span> <span class='ocrx_word' id='word_1_157' title='bbox 725 4421 848 4481; x_wconf 89' lang='lat' dir='ltr'>nitidam</span> <span class='ocrx_word' id='word_1_158' title='bbox 860 4425 1043 4500; x_wconf 86' lang='lat' dir='ltr'>percandida</span> <span class='ocrx_word' id='word_1_159' title='bbox 1055 4428 1127 4486; x_wconf 91' lang='lat' dir='ltr'>oolla</span> <span class='ocrx_word' id='word_1_160' title='bbox 1133 4453 1144 4501; x_wconf 62' lang='grc' dir='ltr'><strong><em>ς</em></strong></span> 
     </span>
     <span class='ocr_line' id='line_1_27' title="bbox 451 4523 1263 4606; baseline 0.006 -24"><span class='ocrx_word' id='word_1_161' title='bbox 451 4525 483 4582; x_wconf 95' lang='lat' dir='ltr'>N</span> <span class='ocrx_word' id='word_1_162' title='bbox 484 4523 564 4592; x_wconf 78' lang='lat' dir='ltr'>esaee,</span> <span class='ocrx_word' id='word_1_163' title='bbox 583 4523 715 4599; x_wconf 83' lang='lat' dir='ltr'>Spioque,</span> <span class='ocrx_word' id='word_1_164' title='bbox 726 4525 896 4602; x_wconf 87' lang='lat' dir='ltr'>Thaliaque,</span> <span class='ocrx_word' id='word_1_165' title='bbox 916 4528 1145 4606; x_wconf 78' lang='lat' dir='ltr'>Cymodooeque,</span> <span class='ocrx_word' id='word_1_166' title='bbox 1260 4542 1263 4546; x_wconf 76' lang='grc'><em>’</em></span> 
     </span>
     <span class='ocr_line' id='line_1_28' title="bbox 452 4626 1162 4708; baseline 0.008 -24"><span class='ocrx_word' id='word_1_167' title='bbox 452 4627 652 4705; x_wconf 83' lang='lat' dir='ltr'>Cydippeque,</span> <span class='ocrx_word' id='word_1_168' title='bbox 670 4637 701 4684; x_wconf 93' lang='lat' dir='ltr'>et</span> <span class='ocrx_word' id='word_1_169' title='bbox 709 4626 786 4687; x_wconf 82' lang='lat' dir='ltr'>flava</span> <span class='ocrx_word' id='word_1_170' title='bbox 799 4630 950 4706; x_wconf 68' lang='lat' dir='ltr'>Lycorias,</span> <span class='ocrx_word' id='word_1_171' title='bbox 970 4631 1058 4690; x_wconf 80' lang='lat' dir='ltr'>ultera</span> <span class='ocrx_word' id='word_1_172' title='bbox 1071 4632 1162 4708; x_wconf 62' lang='lat' dir='ltr'>uirgo,</span> 
     </span>
     <span class='ocr_line' id='line_1_29' title="bbox 453 4729 1149 4811; baseline 0.006 -23"><span class='ocrx_word' id='word_1_173' title='bbox 453 4729 555 4789; x_wconf 70' lang='lat' dir='ltr'>Altera</span> <span class='ocrx_word' id='word_1_174' title='bbox 568 4738 632 4788; x_wconf 84' lang='lat' dir='ltr'>tum</span> <span class='ocrx_word' id='word_1_175' title='bbox 644 4729 752 4808; x_wconf 71' lang='lat' dir='ltr'>primos</span> <span class='ocrx_word' id='word_1_176' title='bbox 764 4731 883 4790; x_wconf 73' lang='lat' dir='ltr'>Lucinoe</span> <span class='ocrx_word' id='word_1_177' title='bbox 894 4745 1012 4811; x_wconf 79' lang='lat' dir='ltr'>experta</span> <span class='ocrx_word' id='word_1_178' title='bbox 1023 4734 1149 4805; x_wconf 63' lang='lat' dir='ltr'>labores,</span> 
     </span>
    </p>
   </div>
   <div class='ocr_carea' id='block_1_6' title="bbox 0 0 1752 6884">
    <p class='ocr_par' dir='ltr' id='par_1_9' title="bbox 0 0 1752 6884">
     <span class='ocr_line' id='line_1_30' title="bbox 0 0 1752 6884; baseline 0 0"><span class='ocrx_word' id='word_1_179' title='bbox 0 0 1752 6884; x_wconf 95' lang='lat' dir='ltr'> </span> 
     </span>
    </p>
   </div>
  </div>
 </body>
</html>
