3492 6884
467 1809 529 1874 270
728 1798 1008 1873 animos,
1156 1800 1266 1861 etot

469 1955 524 2013 Pro
536 1975 603 2032 quo,
623 1956 644 2013 si
657 1954 766 2014 sceleris
779 1967 859 2015 tanta
870 1957 911 2014 esi
924 1955 1027 2034 injuria
1040 1956 1139 2034 nostri,¹

469 2060 600 2136 Spargite
614 2079 660 2117 me
673 2060 704 2117 in
717 2060 830 2129 sindus,
849 2061 983 2136 ratioque
995 2060 1149 2138 inmergite
1161 2069 1264 2138 ponto:

469 2162 499 2219 Si
512 2182 608 2239 pereo,
628 2164 781 2222 bominum
793 2164 926 2222 mnibus
938 2163 1050 2241 periisse
1057 2163 1181 2243 jurabit.

469 2264 606 2324 Dixerat:
627 2279 667 2337 et,
678 2286 772 2343 genua
782 2268 932 2344 amplexus
942 2268 1268 2345 genibuaquerolutaut,

469 2366 617 2429 Haeoebat.
657 2371 721 2429 Qui
734 2372 776 2439 fit,
796 2372 861 2441 sari,
881 2391 939 2447 quo
952 2371 1090 2449 sanguine
1101 2382 1206 2441 cretus,
1275 2393 1277 2395 ·

469 2472 629 2532 Hortamur
635 2499 645 2546 ς
665 2492 731 2550 quae
742 2473 847 2532 deinde
858 2475 949 2551 agitet
962 2477 1096 2544 Fortuna,
1116 2475 1209 2534 fateri.

468 2574 534 2652 Ipse
547 2590 629 2654 pater
640 2578 771 2635 dextram
782 2577 932 2647 Anchises,
940 2577 1020 2636 haud
1032 2580 1123 2637 multa
1132 2588 1268 2646 moratus,

469 2679 529 2737 Dat
539 2679 657 2756 jureui3
678 2693 766 2757 atque
782 2682 914 2739 atinum
933 2681 1067 2759 praesenti
1083 2683 1204 2761 pignore
1217 2682 1266 2740 fir·

545 2794 617 2842 mat.

469 2884 525 2944 me
537 2886 610 2956 haec,
629 2887 755 2963 depositi
768 2890 885 2948 tandem
898 2890 1061 2958 smmidine,
1080 2890 1175 2948 satur:

510 2990 580 3049 Sum
591 2992 683 3068 patrii
696 3011 733 3049 ex
747 2992 854 3061 Ithaca,
874 3012 970 3051 nomes
983 2992 1110 3052 infelicis
1122 2993 1215 3063 Ulixi,

469 3092 587 3152 Nomen
601 3094 827 3168 Athernenider5
841 3095 959 3174 Trojarn
971 3098 1102 3173 genitore
1113 3099 1269 3163 Adamasto

469 3196 597 3275 Paupere
616 3200 828 3277 (mansissetque
846 3200 961 3260 utinam
980 3201 1136 3277 Fortunat)
1156 3202 1267 3279 prusec·

533 3314 603 3361 ius.

468 3406 530 3464 Hic
543 3426 599 3474 me,
619 3408 691 3465 dum
702 3407 806 3484 trepidi
819 3408 945 3466 crudelia
958 3407 1059 3467 limina
1072 3408 1217 3486 linquunt,

469 3510 645 3568 Inmemores
658 3509 727 3568 socii
741 3512 817 3569 vasto
829 3512 966 3589 Cyclopis
977 3514 1008 3571 in
1023 3525 1105 3571 antro

468 3614 637 3672 Deseruere.
678 3616 788 3673 Domus
801 3616 878 3673 sanie
891 3617 1069 3693 dapibusque
1081 3617 1218 3685 cruentis,

469 3718 551 3777 Intus
563 3738 660 3797 opaca,
674 3718 789 3795 ingens:
803 3719 870 3796 ipse
883 3721 996 3789 arduus,
1016 3722 1130 3797 altaque
1142 3722 1237 3798 pulsat

469 3822 577 3891 Sidera,
598 3823 662 3898 (Di,
681 3823 767 3881 talem
781 3824 861 3880 terris
873 3824 993 3881 avertite
1005 3824 1141 3900 pestemt)

469 3925 534 3983 Nec
549 3927 610 3984 risit
624 3926 725 3994 facilis,
745 3946 799 3985 nec
812 3928 891 3984 dieu
905 3929 1036 3986 adfabilis
1048 3929 1115 3985 ulli:

468 4028 632 4088 Visceribus
645 4030 822 4099 miserorum,
841 4042 872 4088 et
884 4031 1023 4108 sanguine
1033 4032 1157 4090 rescitur
1168 4042 1239 4091 atro.

468 4134 538 4191 vidi
551 4146 676 4210 egomet,
689 4136 747 4191 duo
757 4136 793 4192 de
803 4154 924 4194 numero
933 4155 1023 4211 quum
1037 4155 1153 4212 corpora
1165 4137 1267 4205 nostro,

468 4238 570 4297 Prensa
585 4257 673 4295 manu
684 4240 798 4313 magni,
818 4240 915 4296 medio
931 4238 1079 4315 resupinus
1091 4240 1122 4297 in
1136 4253 1227 4309 antro,

469 4343 624 4420 Frangeret
638 4342 673 4399 ad
688 4344 797 4411 saxum,
818 4342 953 4417 sanieque
964 4342 1093 4419 exspersa
1105 4353 1236 4401 natarent

469 4448 598 4505 Limina:
621 4445 681 4503 vidi
694 4458 756 4504 atro
768 4466 857 4522 quum
872 4448 1001 4504 membra
1014 4446 1133 4503 fluentia
1147 4450 1214 4505 tabo

469 4552 630 4618 Manderct,
650 4563 680 4608 et
694 4550 783 4627 tepidi
797 4560 953 4608 tremerent
970 4549 1023 4606 sub
1034 4550 1168 4608 dentibus
1179 4561 1265 4609 artus.

468 4654 556 4713 Haud
569 4656 678 4732 inpune
691 4656 822 4730 quidem
844 4673 898 4711 nec
912 4653 979 4710 talia
992 4652 1085 4729 passus
1098 4654 1209 4723 Ulixes,

469 4758 622 4816 Oblitusie
633 4759 678 4817 sui
690 4758 858 4848 estdtbncus
870 4756 1035 4816 discrimine
1048 4768 1139 4817 tanto.
