3492 6884
504 1783 561 1834 1³4
801 1777 827 1834 C
842 1776 871 1835 U
885 1776 909 1834 L
924 1775 997 1833 Ex.
1190 1793 1219 1833 v.
1232 1782 1297 1833 105.

499 1928 559 1987 Ista
571 1926 639 1987 levi.
678 1929 755 1987 Tum
767 1929 893 2007 prosiluit
909 1910 1089 1996 furibundus,
1109 1939 1139 1986 et
1152 1928 1236 1987 illum

499 2030 648 2089 Obtritum
663 2031 749 2088 morti
762 2032 851 2090 misit:
872 2032 922 2090 cui
935 2032 1044 2090 diditus
1056 2032 1150 2089 omnia

498 2130 620 2209 Spiritus
632 2132 747 2191 excessit
759 2133 826 2192 sens
824 2154 864 2193 us.
904 2136 990 2204 Tum,
1005 2140 1244 2191 torva'tenentem

499 2234 634 2304 Lumina,
654 2233 777 2311 respexit
790 2235 949 2312 serpentem
962 2235 1136 2293 comminus:
1158 2235 1226 2292 inde

497 2336 625 2414 Inpiger,
645 2338 798 2405 exanimis,
806 2338 854 2395 vix
869 2357 974 2414 conpos
986 2348 1092 2405 mente,
1111 2337 1229 2412 refugit,

499 2437 537 2497 Et
550 2438 677 2497 validum
691 2440 791 2496 dextrd
806 2449 939 2496 truncum
953 2438 1077 2496 detraxit
1090 2440 1126 2496 ab
1139 2456 1223 2496 orno:

500 2539 561 2598 Qui
575 2541 655 2597 casua
668 2539 786 2597 sociaret
799 2559 892 2616 opem,
913 2559 1056 2597 numenve
1069 2541 1199 2597 deorum.

374 2671 379 2680 ·
499 2641 636 2716 Namque
649 2641 692 2699 illi
706 2641 852 2698 dederitne
865 2642 942 2698 viam
955 2640 1079 2710 casusve,
1100 2641 1213 2708 deusve,
1231 2646 1242 2717 J

500 2744 618 2800 Prodere
632 2742 666 2800 fit
678 2743 813 2799 dubium:
836 2742 929 2801 voluit
942 2742 990 2800 sed
1003 2744 1116 2800 vincere
1130 2742 1207 2800 tales.

499 2843 624 2902 Horrida
637 2842 776 2919 squamosi
789 2844 931 2903 volventia
944 2846 1072 2901 membra
1085 2844 1225 2912 draconis,

499 2946 599 3020 Atque
612 2944 784 3013 reludantis,
804 2946 908 3002 crebris
921 2946 1054 3021 foedeque
1067 2945 1190 3021 petentis

498 3047 615 3117 letibus,
635 3046 691 3107 offa
704 3046 779 3117 serit,
799 3047 923 3124 cingunt
936 3048 993 3123 qud
1007 3058 1133 3123 tempora
1146 3047 1247 3105 cristae:

430 3214 432 3217 ⁵
499 3150 546 3220 Et,
567 3152 645 3227 quod
658 3160 717 3208 erat
731 3150 836 3219 tardus,
856 3150 948 3209 somni
961 3152 1096 3227 languore
1109 3161 1227 3221 remoto,
1311 3218 1320 3235 υ

499 3252 621 3312 Nescius
635 3250 800 3330 adspiciens,
821 3253 907 3310 timor
920 3256 1110 3311 obcaecaverat
1124 3263 1216 3312 artus:

381 3373 383 3376 ·
500 3355 566 3413 Hoc
578 3354 674 3412 minus
686 3354 820 3431 inplicuit
833 3354 894 3412 dira
906 3355 1060 3413 formidine
1073 3363 1209 3412 mentem.

435 3527 440 3537 ι
501 3457 599 3515 Quem
611 3458 756 3535 postquam
771 3458 845 3514 vidit
858 3457 961 3517 caesum
973 3455 1162 3534 languescere,
1176 3455 1257 3516 sedit.
1270 3472 1281 3494 ·

538 3560 605 3636 Jam
614 3559 744 3635 quatitet
754 3556 864 3636 bijuges
873 3558 966 3617 oriens
975 3559 1068 3616 Erebo
1075 3560 1209 3635 citequos
1217 3559 1295 3627 Nox,

501 3660 539 3718 Et
551 3660 633 3738 piger
645 3672 745 3742 aurato
756 3661 885 3736 procedit
897 3660 1005 3737 Vesper
1017 3661 1053 3717 ab
1066 3662 1139 3717 OEtd
1146 3685 1154 3731 3

498 3763 586 3830 Cum,
596 3781 682 3839 grege
690 3761 836 3839 conpulso,
843 3761 944 3838 pastor,
955 3761 1169 3839 duplicantibus
1177 3762 1294 3833 umbris,

498 3863 598 3933 Vadit,
616 3864 690 3920 etin
704 3862 786 3921 sessos
799 3863 928 3938 requiem
941 3863 1008 3920 dare
1022 3872 1156 3939 conparat
1170 3873 1260 3920 artus:

499 3963 590 4042 Cujus
603 3976 635 4023 ut
647 3963 764 4022 intravit
778 3964 867 4021 levior
880 3982 931 4041 per
942 3982 1059 4042 corpora
1072 3964 1196 4033 somnus,

499 4067 706 4143 Languidaque
718 4064 809 4126 effuso
821 4065 988 4141 requierunt
1001 4068 1130 4123 membra
1143 4066 1254 4146 sopore3

499 4167 618 4244 Effigies
630 4169 666 4225 ad
680 4185 747 4225 eum
760 4166 868 4225 Culicis
881 4166 1006 4235 devenit,
1026 4176 1055 4223 et
1067 4167 1121 4235 illi,

495 4269 596 4327 Tristis
608 4271 644 4327 ab
657 4280 772 4337 eventu,
792 4268 899 4328 cecinit
911 4268 1041 4326 convicia
1055 4269 1164 4327 mortis.

497 4370 611 4447 Inquit:
635 4369 716 4428 Quid
731 4370 857 4439 meritus,
879 4370 916 4427 ad
928 4389 994 4446 quae
1006 4371 1125 4441 delatus,
1146 4374 1262 4431 acerbas

496 4474 592 4551 Cogor
604 4472 682 4531 adire
696 4473 789 4531 vinea?
811 4481 860 4530 tua
873 4472 945 4530 dum
957 4472 1031 4530 mihi
1043 4473 1136 4531 carior
1148 4473 1210 4552 ipss

495 4575 566 4633 Vita
578 4576 636 4633 fuit
647 4574 716 4642 vita,
734 4574 828 4652 rapior
839 4592 890 4651 per
902 4572 999 4632 inania
1012 4577 1114 4634 ventis.

497 4678 544 4736 Tu
557 4678 651 4737 lentus
663 4678 772 4736 refoves
780 4673 1049 4752 jucundimubra
1061 4679 1167 4753 quiete,
