3492 6884
500 1787 575 1839 188·
744 1779 1019 1853 AENEIDOS,
1200 1789 1286 1853 v.7l.

497 1934 570 1993 Sunt
581 1934 654 1994 mihi
666 1934 709 1993 bio
721 1934 830 2013 septem
850 1937 992 2015 praestanti
1005 1953 1121 2014 corpore
1132 1933 1286 2013 Nympha,

497 2035 639 2106 Quarum,
659 2056 723 2112 quae
736 2038 827 2096 forma
840 2039 1038 2115 pulcherrima,
1058 2039 1216 2114 Deiopeom

496 2136 650 2195 connubio
658 2136 780 2215 jungam
794 2140 895 2209 stabili,
914 2141 1112 2217 propriamque
1125 2139 1226 2197 dicabo
1230 2164 1240 2211 ς

496 2236 601 2296 Omnis
613 2249 647 2296 ut
661 2250 757 2298 tecum
769 2241 878 2299 meritis
890 2260 941 2318 pro
953 2241 1057 2299 talibus
1069 2259 1158 2298 annos

422 2329 425 2336 ’
496 2338 612 2416 Exiget,
631 2350 661 2398 et
671 2342 790 2418 pulchri
802 2343 891 2401 faciat
903 2351 932 2400 te
943 2342 1022 2418 prole
1033 2352 1189 2419 parentem.

534 2442 639 2500 AEolus
651 2444 713 2501 hmo
725 2453 837 2502 contra:
859 2445 949 2513 Tuus,
961 2464 979 2502 o
990 2444 1102 2519 regioni
1124 2443 1194 2519 quid
1207 2451 1287 2520 optes

496 2541 650 2620 Explorate
662 2544 743 2603 labor
747 2570 756 2617 ς
777 2545 850 2603 mihi
858 2544 930 2623 jutia
943 2544 1081 2622 capessere
1093 2545 1137 2604 far
1148 2546 1198 2605 est.

495 2646 544 2704 Tu
563 2645 646 2716 mihi,
664 2649 864 2723 quodcumque
882 2649 937 2706 hoc
956 2650 1046 2726 regni,
1066 2659 1100 2707 tu
1116 2648 1223 2726 sceptra
1236 2650 1285 2727 Jo-

573 2766 695 2825 remque

495 2849 655 2921 Concilium
677 2861 709 2908 tu
722 2852 771 2910 dar
784 2849 876 2929 epulis
887 2854 1057 2910 adcumbere
1070 2853 1176 2920 divom,

495 2952 728 3028 Nimborumque
740 2935 810 3011 faiis
823 2954 1078 3031 tempestatumque
1090 2964 1246 3032 potentem.

534 3054 607 3112 Haec
619 3054 670 3112 ubi
681 3053 765 3125 diota,
777 3073 880 3113 cavum
890 3054 1022 3113 converti
1031 3054 1147 3131 cuspide
1157 3066 1285 3113 montem

495 3155 605 3232 Inpulit
618 3156 650 3213 io
662 3156 749 3227 latus5
770 3174 804 3215 ac
817 3154 905 3225 venti,
924 3155 1003 3214 velut
1016 3155 1131 3233 agmine
1144 3156 1228 3227 famo,

373 3299 374 3302 ,
495 3256 566 3315 Qut
578 3258 644 3316 data
656 3266 747 3335 porta,
767 3265 863 3325 munt,
883 3264 914 3314 et
926 3266 1012 3315 terrae
1027 3257 1142 3315 turbine
1154 3258 1285 3334 perflant.

494 3358 654 3418 Incubuere
667 3358 748 3429 mari,
769 3366 919 3434 totumque
932 3377 948 3415 a
961 3357 1073 3416 sedibus
1085 3358 1151 3416 imis

494 3460 563 3522 Una
582 3462 730 3537 Eurusque
749 3460 903 3536 Notusque
923 3471 1018 3541 ruunt,
1045 3463 1198 3537 creberque
1220 3479 1284 3537 pro-

572 3561 652 3620 cellia

493 3664 620 3735 Africus,
639 3671 669 3722 et
681 3664 769 3722 vastos
781 3662 901 3721 volvunt
914 3663 950 3720 ad
962 3662 1045 3721 litora
1057 3663 1173 3723 fluetus:

494 3763 657 3841 Insequitur
669 3766 830 3839 clamorque
843 3764 939 3821 virum
950 3764 1105 3840 stridorque
1121 3764 1283 3825 rudentum.

494 3865 627 3944 Eripiunt
639 3865 733 3925 subito
746 3868 836 3925 nuber
848 3865 1017 3941 columque,
1037 3867 1179 3942 diemque,

377 4039 382 4048 Ι
493 3966 832 4029 Teucrommexoculis:
855 3976 943 4042 ponto
953 3985 1011 4024 nor
1023 3966 1141 4026 incubat
1154 3978 1223 4026 atra.
1385 4048 1389 4055 ι

493 4069 648 4127 Intonuere
659 4068 726 4144 poli,
746 4077 776 4125 et
789 4068 894 4125 crebris
906 4068 994 4125 micat
1006 4069 1121 4145 ignibus
1133 4070 1236 4142 aether3
1363 4095 1367 4103 ·

494 4169 718 4244 Praesentemque
731 4169 797 4225 viris
810 4168 953 4226 intentant
965 4170 1062 4228 omnia
1075 4181 1206 4230 mortem.

532 4269 685 4347 Extemplo
696 4270 799 4327 AEneae
812 4269 960 4328 solvuntur
972 4270 1076 4347 frigore
1088 4275 1229 4331 membra:

494 4374 635 4453 Ingemit3
656 4382 695 4442 et,
714 4373 836 4450 duplicis
849 4374 968 4430 tendens
980 4375 1016 4431 ad
1029 4375 1115 4433 fidera
1128 4377 1244 4451 palmas,

492 4478 575 4537 Talia
588 4494 656 4534 voce
669 4475 768 4533 refert:
792 4474 820 4533 O
835 4482 934 4550 terque
946 4486 1102 4552 quaterque
1114 4478 1203 4537 beati!

494 4581 568 4639 Ouio
580 4589 647 4638 ante
659 4595 707 4636 ora
720 4587 843 4652 patmm,
855 4574 948 4652 Trojae
960 4576 1012 4633 sub
1024 4577 1166 4637 moenibus
1179 4579 1253 4649 altis,

492 4680 623 4757 Contigit
634 4680 779 4758 oppetere!
801 4697 828 4749 o,
842 4677 975 4735 Danaum
988 4678 1136 4740 fortiffime
1148 4681 1250 4757 gentio,
