3492 6884
472 1777 528 1830 roo
727 1767 1007 1844 MORETUM,
1172 1791 1200 1833 v.
1216 1784 1260 1847 19.

468 1925 540 1983 Inde
552 1922 621 1993 abit,
640 1901 800 2000 adirstitque
813 1926 910 1998 molae;
931 1927 1074 2004 parvaque
1086 1928 1200 1999 tabella,

470 2028 569 2085 Quam
581 2027 669 2085 fixam
682 2028 772 2104 paries
784 2028 847 2087 ilios
859 2029 987 2089 servabat
999 2031 1030 2088 in
1043 2031 1118 2102 usus,

469 2130 594 2189 Lumina
606 2131 662 2188 fida
676 2131 765 2188 locat:
788 2133 917 2207 geminos
931 2144 999 2191 tunc
1011 2134 1085 2191 veste
1097 2133 1215 2191 lacertos

351 2296 354 2302 ,
470 2233 586 2293 Liberat
592 2258 600 2303 3
621 2242 660 2299 et,
680 2232 789 2291 cintius
801 2235 907 2292 villosa,
920 2246 1030 2312 tergore
1042 2254 1142 2311 caprae,

470 2335 617 2395 Praeverrit
630 2337 719 2394 cauda
732 2337 830 2407 silices,
851 2337 1049 2414 gremiiunque
1061 2338 1211 2395 molarum.

471 2439 601 2496 Advocat
614 2438 681 2495 inde
694 2458 794 2496 manus
807 2440 896 2515 operi,
915 2440 1036 2516 partitus
1049 2441 1196 2517 utrinque3

472 2542 556 2600 Laeva
570 2541 733 2608 ministerio,
753 2542 852 2599 dextra
864 2542 904 2599 est
921 2542 1032 2600 intenta
1043 2542 1147 2614 labori5

471 2644 544 2702 Haec
558 2654 629 2699 rotat
643 2642 754 2700 affidnis
766 2644 850 2719 gyris,
871 2655 901 2702 et
913 2646 1047 2714 concitat,
1067 2647 1175 2703 orbem.

470 2745 568 2803 Tunsa
582 2745 668 2802 Cerea
682 2745 778 2821 rapido
791 2745 902 2804 filicum
914 2748 1040 2804 decurrit
1052 2749 1089 2805 ab
1102 2747 1175 2805 anu.

471 2848 622 2907 Interdum
635 2847 710 2904 feisae
724 2846 847 2905 succedit
860 2849 930 2906 laeva
944 2848 1040 2917 sorori,

472 2950 664 3025 Altematque
677 2949 762 3007 vicen.
801 2951 894 3009 Modo
909 2950 1008 3008 mstica
1022 2951 1147 3010 carmina
1160 2961 1266 3024 cantat,

472 3054 643 3130 Agrestique
656 3053 738 3111 suurn
752 3052 857 3111 solatur
869 3073 938 3112 voce
949 3054 1092 3112 laborem:

473 3157 622 3215 Interdum
635 3157 739 3214 clamat
750 3157 893 3233 Cybalenr
915 3166 975 3214 erat
987 3156 1072 3215 unica
1084 3158 1183 3228 custos,

476 3262 548 3319 Afra
562 3278 660 3337 genus,
681 3260 740 3317 tota
753 3260 876 3337 patriam
889 3259 1006 3317 testante
1018 3259 1120 3337 figura,

475 3363 565 3421 Torta
577 3379 698 3429 comam,
711 3361 843 3436 labroque
857 3371 979 3430 tumens,
994 3371 1024 3418 et
1037 3360 1114 3419 fusca
1128 3362 1267 3434 colorem3

476 3465 590 3523 Peoiore
603 3466 669 3530 lata,
685 3462 782 3539 jacens
795 3463 934 3534 mammis,
954 3464 1124 3539 conpreffior
1136 3464 1210 3534 alvo,

477 3567 615 3625 Cmribus
627 3566 719 3633 exilis,
740 3564 858 3641 spatiosi
870 3565 989 3641 prodiga
1001 3566 1113 3642 planta;

477 3669 630 3727 Continuis
643 3668 724 3725 rimis
736 3669 865 3725 calcanea
879 3667 937 3725 fiffa
951 3668 1092 3744 rigebant.

402 3761 408 3772 ⁴
478 3772 564 3829 Hanc
578 3782 668 3839 vocat,
690 3782 774 3845 atque
788 3769 881 3827 arsura
894 3769 965 3826 focis
978 3770 1114 3846 inponere
1125 3770 1205 3846 ligna

479 3873 604 3949 inperat,
624 3884 653 3930 et
666 3873 781 3930 flammi
795 3872 903 3947 gelidos
916 3871 1025 3929 adolere
1037 3872 1170 3948 liquoren.

519 3976 666 4050 Postquam
680 3974 882 4050 inplevigopus
890 3972 992 4050 justam
1006 3975 1135 4033 versatile
1148 3975 1247 4046 finem,

478 4077 627 4134 Transfert
639 4077 706 4133 inde
719 4095 806 4133 manu
820 4077 895 4133 tusas
907 4076 937 4133 in
951 4077 1042 4134 cribra
1055 4077 1169 4147 farinas,

480 4179 518 4236 Et
532 4179 637 4253 quatit:
661 4188 689 4235 at
701 4188 850 4235 remanent
868 4179 978 4236 summo
994 4180 1162 4256 purgamina
1175 4181 1256 4239 dorso
1262 4205 1271 4253 ς

480 4281 603 4339 Subfidit
617 4280 729 4347 sincera,
750 4280 992 4356 foraminibusque
1005 4282 1131 4357 liquatur

480 4385 652 4450 Emundata,
671 4384 767 4462 Geren
805 4383 882 4440 Laevi
896 4394 958 4440 tum
971 4384 1099 4459 protinus
1112 4385 1191 4442 illam

481 4488 628 4564 Conponit
641 4487 746 4553 tabula,
766 4496 796 4542 et
808 4486 916 4562 tepidas
929 4486 1011 4562 super
1023 4486 1130 4563 ingerit
1143 4489 1240 4545 undas.

482 4590 632 4649 Contrahit
647 4590 776 4647 admistos
789 4590 859 4647 dum
872 4591 974 4659 fontes,
995 4600 1080 4666 atque
1092 4590 1205 4657 farinas,

481 4694 663 4753 Transveriat
674 4693 773 4751 durata
787 4711 888 4767 manu3
909 4692 1075 4769 liquidoque
1087 4692 1184 4750 coneo
