3492 6884
511 1744 568 1810 170
740 1735 1073 1798 CATALECTA.
1200 1780 1206 1792 .

863 1997 949 2057 v111.

600 2177 603 2184 '
625 2197 666 2236 nn
680 2196 804 2247 inmo,
820 2195 961 2236 monn
975 2194 1188 2236 emunim.

507 2383 643 2441 snmus
657 2380 715 2449 ille,
735 2399 821 2457 quem
834 2379 947 2467 videtis,
967 2380 1100 2459 hospites,

506 2486 561 2545 Ait
573 2485 656 2543 fuiffe
669 2483 759 2541 mulio
771 2482 951 2554 celerrimus;

506 2589 611 2665 Neque
623 2586 710 2645 ullius
722 2586 844 2644 volantis
856 2586 999 2661 impetum
1011 2586 1062 2645 cisi

504 2690 644 2767 Nequiffe
656 2688 801 2767 praeterire
808 2714 817 2761 3
838 2688 896 2747 five
908 2689 1064 2749 Mantuam

505 2794 588 2872 Opus
599 2793 674 2851 foret
686 2792 790 2863 volare,
811 2792 867 2850 five
879 2791 1017 2852 Brixiam.

504 2898 544 2957 Et
556 2896 611 2955 hoc
624 2905 712 2973 negat
723 2895 888 2973 Tryphonis
900 2896 999 2954 aemuli
1011 2898 1130 2957 domum

505 3000 622 3079 Negare
634 2999 771 3068 nobilem,
790 2998 949 3058 insulamve
962 3001 1084 3059 Caeruliz

504 3104 567 3164 Ubi
579 3103 638 3174 iste,
657 3102 718 3182 post
730 3102 859 3171 Sabinus,
879 3113 947 3162 ante
960 3104 1110 3176 Quinctio,

503 3208 626 3268 Bidente
637 3206 709 3265 dicit
721 3206 868 3265 adtotonse
880 3207 990 3285 forcipe

405 3364 407 3367 ,
505 3314 626 3372 Comata
639 3311 721 3382 colla,
741 3329 779 3369 ne
791 3329 847 3387 qua
860 3310 1014 3383 sordidum,
1030 3310 1103 3392 jugo

503 3417 664 3486 Premente,
684 3416 754 3473 dura
768 3414 868 3473 volnus
881 3415 978 3473 ederet
985 3414 1066 3491 juba.

505 3521 648 3580 Cremona
659 3519 775 3596 frigida,
794 3529 824 3576 et
836 3518 929 3577 lutosa
941 3520 1045 3591 Gallia,

503 3624 575 3684 Tibi
586 3624 648 3682 haec
661 3622 754 3696 fuiffe,
775 3633 805 3681 et
817 3622 883 3691 effe,
902 3623 1091 3700 cognitiffimn

503 3726 559 3786 Ait
570 3726 706 3786 Sabinus:
728 3726 831 3784 ultimi
843 3744 882 3784 ex
893 3726 1006 3803 origine

502 3830 569 3888 m
581 3829 682 3888 stetisse
695 3830 767 3888 dicit
779 3830 811 3887 in
824 3830 969 3905 voragine,

502 3934 569 3993 'M
580 3933 613 3991 in
625 3934 730 4010 palude
742 3932 877 4009 depofiffe
889 3932 1024 4005 sarcina„

503 4036 542 4096 Et
554 4036 622 4104 inde
635 4046 678 4094 tot
690 4055 742 4114 per
753 4034 877 4093 orbitosa
889 4034 981 4093 millia

502 4139 613 4219 Jugutn
625 4139 735 4198 tulisset
757 4140 838 4209 laeva,
858 4139 915 4196 five
927 4139 1054 4213 dextera,

503 4242 629 4319 Stn‘gare
641 4242 729 4311 mula,
750 4243 806 4301 five
817 4254 981 4319 utrumque,
1001 4256 1136 4322 ooeperat.

502 4346 608 4422 Neque
621 4336 680 4404 illa
691 4355 758 4405 vota
770 4346 948 4404 semitelibue
960 4347 1021 4406 deis

502 4449 566 4509 Sibi
577 4449 632 4509 effe
644 4448 728 4521 fafia,
748 4458 851 4526 praeter
863 4449 919 4508 hoc
931 4450 1122 4525 noviffimum‚

502 4555 623 4613 Paterna
636 4553 705 4625 lora,
724 4553 946 4632 proximumque
956 4554 1109 4631 pedinem.
1134 4567 1140 4580 ·

503 4656 559 4718 Sed
572 4657 634 4718 haec
645 4657 724 4737 prius
734 4657 829 4731 fuere5
850 4676 929 4717 nunc
944 4660 1069 4719 eburnei
