3492 6884
469 1764 518 1815 ιδ
525 1763 572 1815 30.
772 1760 871 1819 LIB.
911 1761 967 1820 111.
1206 1761 1261 1815 10³

466 1910 598 1972 Flumina
602 1938 610 1985 3
633 1932 685 1973 nec
697 1914 809 1975 somnos
821 1917 966 1995 abrumpit
977 1935 1044 1975 cura
1058 1915 1192 1973 salubres.

503 2016 647 2093 Tempore
660 2037 717 2075 non
731 2019 787 2077 alio
799 2020 901 2078 dieunt
912 2019 1077 2096 regionibus
1089 2018 1147 2076 illis

467 2113 607 2176 oneum
620 2119 656 2177 ad
669 2119 745 2178 sacra
758 2123 844 2179 boves
856 2121 987 2200 Junonis,
1005 2131 1035 2179 et
1047 2120 1105 2179 uris

467 2218 616 2297 Inparibus
629 2221 728 2280 dubios
740 2223 797 2281 alta
811 2224 847 2282 ad
859 2223 976 2281 donaria
988 2242 1094 2281 currus.

505 2322 583 2399 Ergo
594 2342 669 2401 aegre
683 2324 775 2383 rastris
788 2336 892 2384 terram
904 2327 1053 2394 rImantur,
1072 2334 1102 2383 et
1113 2324 1180 2402 ipsrs

467 2423 623 2502 Unguibus
635 2427 782 2485 infodiunt
796 2428 901 2505 fruges,
912 2428 1074 2504 montisque
1085 2447 1138 2505 per
1150 2427 1223 2488 altos

468 2524 613 2586 Contenta
624 2528 734 2587 nervice
748 2529 864 2588 trahunt
877 2529 1022 2587 stridentia
1034 2530 1164 2607 plaustra.

468 2628 537 2686 Non
551 2629 634 2707 lupus
647 2631 761 2690 infidias
773 2632 905 2708 explorat
915 2633 1003 2691 ovilia
1016 2632 1134 2701 circum,

468 2731 534 2789 Nec
546 2732 680 2810 gregibus
693 2734 847 2793 noeumus
856 2736 1036 2805 obambulat;
1058 2734 1149 2793 acrior
1160 2731 1245 2791 illum

469 2834 546 2892 Cura
559 2835 669 2895 domat:
692 2836 788 2895 timidi
801 2837 903 2908 damae,
923 2837 1057 2913 cervique
1070 2837 1196 2914 fugaces,

468 2935 557 2995 Nunc
568 2938 699 3014 Interque
712 2957 796 2997 canes
809 2948 839 2997 et
849 2940 958 2998 ciscum
971 2939 1043 2997 tetta
1056 2948 1205 3016 vagantur.

468 3040 535 3116 Jam
546 3040 632 3098 maria
644 3040 765 3098 inmensr
777 3041 897 3118 prolem,
917 3051 947 3099 et
962 3060 1052 3119 genus
1064 3059 1149 3099 omne
1162 3050 1264 3099 natan·

550 3151 622 3212 tum,

470 3242 569 3301 Litore
580 3242 611 3301 in
625 3253 762 3314 extremo,
782 3263 835 3304 ceu
848 3246 987 3322 naufraga
999 3264 1124 3323 corpora,
1141 3244 1245 3302 fludtus

470 3344 595 3404 Proluit:
617 3344 739 3404 insolitae
752 3346 870 3422 fugiunt
883 3347 915 3403 in
928 3346 1048 3404 flumina
1061 3347 1169 3424 phocae.

471 3447 574 3505 Interit
586 3454 625 3516 et,
644 3447 735 3505 curvis
748 3448 848 3505 frustra
861 3448 976 3505 defensa
987 3448 1113 3516 latebris,

470 3548 587 3626 vipera,
607 3557 635 3607 οι
650 3548 772 3607 aaronis
786 3548 909 3625 squamis
922 3549 1095 3608 adrassus
1107 3530 1201 3626 sym.

469 3652 540 3730 Iplis
551 3651 591 3709 est
603 3652 651 3709 air
663 3651 761 3709 avibus
774 3668 831 3707 non
845 3670 953 3728 aequus5
973 3661 1003 3709 et
1014 3650 1073 3709 illae

470 3754 632 3831 Praecipites
644 3752 703 3811 alta
716 3752 806 3811 vitam
818 3752 870 3811 sub
884 3754 960 3811 nube
973 3753 1149 3830 relinquunt.
1187 3824 1189 3830 Ι

470 3857 607 3915 Praeterea
616 3854 678 3933 jam
691 3873 744 3913 nec
758 3854 862 3913 mutari
876 3855 979 3933 pabula
993 3855 1089 3927 refert,

472 3958 663 4033 Quaefitaeque
673 3966 778 4015 nocent
789 3966 877 4015 artes:
898 3957 1001 4016 oeffere
1013 3956 1149 4035 magistri,

471 4059 639 4137 Phillyrides
651 4058 760 4117 Chiron
773 4058 1041 4136 Amythaoniusque
1053 4060 1226 4137 Melampus.

472 4164 568 4234 Saevit,
587 4174 627 4234 et,
647 4163 677 4220 in
690 4163 784 4221 lucem
797 4162 904 4239 Stygiis
915 4161 1012 4221 emilia
1025 4163 1159 4233 tenebris,

470 4265 579 4327 Pallida
590 4264 747 4342 Tifiphone
759 4264 879 4322 Morbos
892 4264 953 4340 agit
965 4275 1043 4336 ante,
1056 4266 1243 4342 Metumque3

472 4370 565 4445 Inque
576 4367 636 4426 dies
649 4365 768 4424 avidum
780 4365 895 4443 surgens
907 4376 994 4443 caput
1006 4366 1092 4425 altius
1103 4366 1196 4425 effert.

473 4471 573 4530 Balatu
587 4487 731 4545 pecorum,
750 4478 781 4524 et
793 4468 898 4526 crebris
909 4468 1078 4545 mugitibus,
1098 4487 1195 4526 amnes

472 4577 652 4649 Arentesque
665 4570 766 4629 sonant
778 4569 856 4645 ripae,
876 4570 1018 4646 collesque
1031 4569 1135 4646 supini.

472 4677 595 4755 Jamque
604 4672 771 4733 catervatim
780 4673 830 4731 dat
841 4672 969 4750 stragem,
978 4682 1065 4750 atque
1073 4684 1190 4753 aggerat
1199 4673 1264 4753 ipsis
1386 4682 1388 4688 '
