3492 6884
469 1801 497 1844 v.
511 1792 578 1844 523.
776 1784 827 1844 LI
842 1785 876 1843 Β.
916 1784 972 1844 111.
1212 1786 1271 1858 267

444 1977 449 1986 -
469 1940 595 2000 ltaliam.
635 1941 750 2001 Italiam
764 1943 873 2020 primus
886 1943 1047 2002 conclamat
1060 1942 1202 2014 Achates,

468 2045 583 2103 ltaliam
595 2046 662 2105 laeto
675 2046 743 2106 socii
757 2049 882 2105 clamore
895 2047 1028 2105 salutant.

466 2147 545 2205 Tum
558 2158 640 2225 pater
652 2149 793 2208 Anchises
805 2169 945 2226 magnum
958 2158 1066 2208 cratera
1079 2148 1184 2208 corond

467 2250 576 2321 Induit,
596 2252 776 2330 inplevitque
790 2271 883 2324 mero;
905 2252 1042 2329 divosque
1056 2253 1170 2310 vocavit

468 2355 551 2413 Stans
563 2356 637 2413 celsa
649 2355 682 2414 in
695 2356 800 2434 puppi:

466 2456 516 2526 Di,
536 2458 623 2517 maris
635 2467 666 2517 et
678 2467 760 2517 terrae
779 2458 1036 2537 tempestatumque
1048 2467 1189 2535 potentes,

466 2559 550 2619 Ferte
562 2560 641 2619 viam
653 2572 740 2620 vento
754 2561 881 2634 facilem,
902 2571 932 2619 et
945 2560 1048 2638 spirate
1062 2561 1189 2620 secundi,

505 2666 697 2724 Crebrescunt
708 2673 813 2743 optatae
825 2684 912 2734 aurae,
931 2673 1087 2742 portusque
1098 2665 1219 2742 patescit

466 2768 532 2845 Jam
552 2768 678 2846 propior,
705 2768 904 2846 templumque
927 2768 1045 2844 adparet
1068 2767 1098 2826 iu
1121 2786 1187 2827 arce
1206 2767 1267 2828 Mi·

545 2887 653 2928 nervae:
690 2889 695 2896 ·

464 2971 538 3030 Vela
552 2971 654 3049 legunt
666 2972 744 3041 socii,
765 2980 795 3029 et
808 2991 904 3048 proras
916 2973 953 3030 ad
964 2972 1049 3031 litora
1064 2982 1208 3049 torquent.

466 3075 566 3132 Portus
579 3075 616 3133 ab
629 3075 723 3132 Euroo
736 3074 827 3132 fluou
842 3083 977 3133 curvatus
989 3073 1021 3132 in
1035 3094 1147 3147 arcum,

464 3175 595 3253 objectas
608 3176 677 3234 salsl
690 3176 824 3254 spumant
838 3176 1006 3254 adspargine
1019 3188 1132 3248 cautes,

463 3278 528 3355 Ipse
540 3278 625 3337 latet:
648 3279 765 3355 gemino
778 3279 937 3337 demittunt
950 3279 1066 3337 brachia
1079 3298 1163 3338 muro

463 3381 574 3439 Turriti
588 3380 706 3458 scopuli,
726 3381 893 3459 refugitque
906 3384 942 3440 ab
955 3381 1039 3439 litore
1053 3383 1203 3460 templum.

465 3485 601 3543 Quatuor
610 3483 666 3554 hic,
675 3484 801 3560 primum
810 3502 908 3551 omen,
916 3503 1004 3561 equos
1013 3485 1044 3542 in
1056 3485 1186 3561 gramine
1195 3483 1265 3555 vidi,

462 3587 624 3646 Tondentis
636 3606 771 3664 campum
784 3589 851 3655 late,
871 3589 994 3646 candore
1007 3588 1115 3647 nivali:

464 3691 502 3748 Et
511 3700 591 3768 pater
601 3690 751 3760 Anchises,
762 3690 886 3757 Bellum,
898 3710 917 3748 o
927 3699 1000 3748 terra
1011 3689 1138 3768 hospital
1153 3700 1264 3768 portas:

463 3793 545 3855 Bello
555 3803 702 3851 armantur
712 3791 793 3869 equi:
816 3793 925 3851 bellum
937 3792 999 3850 haec
1012 3804 1140 3852 armenta
1152 3794 1266 3853 minan·

542 3905 602 3953 tur:

462 3998 518 4056 Sed
532 4007 628 4056 tamen
641 3996 719 4056 idem
732 3997 804 4056 olim
817 4015 903 4055 curru
917 3996 1066 4056 succedere
1080 3997 1154 4058 sueti

464 4101 681 4178 Quadrupedes,
702 4110 732 4158 et
745 4101 824 4157 frena
833 4099 906 4177 jugo
918 4100 1070 4159 concordia
1083 4101 1176 4175 serre3

463 4204 532 4279 Spes
543 4213 573 4260 et
585 4202 672 4279 pacis,
688 4202 739 4261 ait.
778 4203 857 4260 'I'unr
870 4202 990 4261 numina
1004 4203 1098 4263 sansta
1112 4221 1264 4282 precamur

462 4305 583 4363 Palladis
596 4305 753 4373 armisonae,
772 4324 837 4382 quae
850 4303 942 4381 prima
956 4305 1071 4383 adcepit
1083 4309 1208 4382 ovantis,

462 4409 500 4470 Et
512 4407 606 4484 capita
620 4417 686 4465 ante
699 4426 760 4465 aras
773 4406 899 4484 Phrygio
912 4406 1040 4466 velamur
1052 4410 1174 4481 amittu3

461 4510 669 4587 Praeceptisque
681 4507 798 4579 Heleni,
819 4509 936 4567 dederat
949 4529 1013 4586 quae
1027 4531 1172 4583 maxuma,
1186 4513 1242 4572 rite

460 4613 570 4692 Junoui
583 4611 702 4691 Argiva
710 4610 797 4690 jussos
810 4611 957 4670 adolemus
974 4612 1104 4672 honores.
1190 4655 1194 4662 ,

501 4716 590 4782 Haud
603 4733 696 4790 mora,
717 4714 865 4788 contiuuo,
884 4714 1018 4794 perfodis
1031 4715 1133 4775 ordine
1145 4717 1228 4789 votis,
